@comment{This file has been generated by Pybliographer}


@Article{JSCC04,
  Author         = {{J. Sep\'ulveda} and {C. Camargo} and {A. Delgado}},
  Title          = {Implementaci\'on de {C}hip de {ADN} en {FPGA}},
  Journal        = {Memorias del X Workshop de Iberchip ISBN 959-261-105-X},
  year           = 2004
}

@Article{AZMN03,
  Author         = {{Abu Zaharin} and {Mohd Nasir}},
  Title          = {A {S}tudy {O}n {T}he {DC} {M}otor {S}peed {C}ontrol
                   {B}y {U}sing {B}ack-{EMFV}oltage},
  Journal        = {ASIAN CONFERENCE ON SENSORS},
  month          = jul,
  year           = 2003
}

@Misc{entry-2,
  Author         = {{W. Liu} and {A. Winfield}},
  Title          = {Open-hardware e-puck {L}inux {E}xtension {B}oard for
                   {E}xperimental {S}warm {R}obotics {R}esearch.
                   {M}icroprocessors and {M}icrosystems},
  HowPublished   = {Microprocessors and Microsystems, In Press},
  year           = 2010
}

@Book{CH02,
  Author         = {{Craig Hollabaugh.}},
  Title          = {Embedded {L}inux: {H}ardware, {S}oftware, and
                   {I}nterfacing},
  Publisher      = {Addison Wesley Professional.},
  month          = {7 } # mar,
  year           = 2002
}

@InProceedings{balnolpar02,
  Author         = {Baldassarre, G. and Nolfi, S. and Parisi, D.},
  Title          = {Evolving Mobile Robots Able to Display Collective
                   Behaviours},
  BookTitle      = {Proceedings of the International Workshop on
                   Self-Organisation and Evolution of Social Behaviour},
  Editor         = {Hemelrijk, C.K. and Bonabeau, E.},
  Pages          = {11-22},
  Address        = {Monte Verit\`a, Ascona, Switzerland},
  Publisher      = {University of Zurich},
  month          = sep # "~8-13,",
  year           = 2002
}

@Article{CC05,
  Author         = {{C. Camargo}},
  Title          = {Implementaci\'on de {S}istemas {D}igitales {C}omplejos
                   {U}tilizando {S}istemas {E}mbebidos},
  Journal        = {Memorias del XI Workshop de Iberchip ISBN
                   959-261-105-X},
  year           = 2005
}

@Article{CC,
  Author         = {{C. Camargo}},
  Title          = {E{CB}\_{A}{T}91 y {ECBOT} {P}lataformas {A}biertas
                   para el desarrollo de {S}istemas {E}mbebidos},
  Journal        = {URL: http://wiki.emqbit.com/free-ecb-at91}
}

@Misc{CC06,
  Author         = {{C. Camargo}},
  Title          = {First {C}olombian {L}inux {SBC} runs {D}ebian},
  HowPublished   = {URL:
                   http://www.linuxfordevices.com/c/a/News/First-Colombian-Linux-SBC-runs-Debian/},
  year           = 2006
}

@Article{RL04,
  Author         = {{R. LeGrand}},
  Title          = {Closed-{L}oop {M}otion {C}ontrol for {M}obile
                   {R}obotics},
  Journal        = {Circuit Cellar Ink},
  month          = aug,
  year           = 2004
}

@Article{OPPS05,
  Author         = {{O. Pomerantz} and {P. Salzman} and {M. Burian}},
  Title          = {The {L}inux {K}ernel {M}odule {P}rogramming {G}uide
                   ver 2.6.1},
  Journal        = {The Linux Documentation Project http://www.tldp.org/},
  month          = {26 } # may,
  year           = 2005
}

@Article{JSCC04b,
  Author         = {{J. Sep\'ulveda} and {C. Camargo}},
  Title          = {Implementaci\'on de un {S}istema {I}nmune{A}rtificial
                   sobre un {FPGA} para {R}econocimiento de {P}atrones},
  Journal        = {Memorias del X WorkShop de Iberchip ISBN 959-261-105-X},
  year           = 2004
}

@Article{CCOS06,
  Author         = {{C. Camargo} and {O. Sanchez}},
  Title          = {Linux embebido como herramienta para realizar
                   reconfiguraci\'on parcial},
  Journal        = {XII Workshop Iberchip},
  year           = 2006
}

@TechReport{BGKS00,
  Author         = {{B. Gerkey} and {K. Stoy} and {R. T. Vaughan}},
  Title          = {Player {R}obot {S}erver},
  Institution    = {USC Robotics Labs},
  month          = {22 } # nov,
  year           = 2000
}

@InBook{JaMJM05,
  Author         = {{Jones and Maja J Mataric}},
  Editor         = {{Sam S. Ge} and {Frank L. Lewis}},
  Title          = {Autonomous {M}obile {R}obots: {S}ensing, {C}ontrol,
                   {D}ecision-{M}aking, and {A}pplications},
  Chapter        = {Behavior-Based Coordination in Multi-Robot Systems},
  Publisher      = {Marcel Dekker, Inc},
  year           = 2005
}

@Article{MB03,
  Author         = {{M. Barr}},
  Title          = {How to {C}hoose a {R}eal-{T}ime {O}perating {S}ystem},
  Journal        = {Embedded Systems Programming},
  month          = jan,
  year           = 2003
}

@Article{CC11,
  Author         = {{C. Camargo}},
  Title          = {Hardware copyleft como {H}erramienta para la
                   {E}nse\~nanza de {S}istemas {E}mbebidos},
  Journal        = {Simposio Argentino de Sistemas Embebidos},
  year           = 2011
}

@Misc{CS04,
  Author         = {{C. S\'eveillac}},
  Title          = {Build {Q}t/{E}mbedded and {O}pie on a {L}inux, x86
                   architecture, for {ARM} target architecture.},
  HowPublished   = {http://dudu.dyn.2-h.org/nist/qt-notes.php},
  month          = {20 } # nov,
  year           = 2004
}

@Article{CC09,
  Author         = {{C. Camargo}},
  Title          = {Control de {S}istemas {P}aralelos {I}nspirado en la
                   {N}aturaleza},
  Journal        = {Colombian Workshop on Circuits and Systems},
  year           = 2009
}

@Misc{LD02,
  Author         = {{L. Doolittle}},
  Title          = {Building {L}inux for the nano{E}ngine},
  HowPublished   = {http://recycle.lbl.gov/~ldoolitt/bse/},
  month          = {26 } # jun,
  year           = 2002
}

@Book{JCAR05,
  Author         = {{J. Corbet} and {A. Rubini} and {G. Kroah-Hartman}},
  Title          = {Linux {D}evice {D}rivers, {T}hird {E}dition},
  Publisher      = {O'Reilly},
  year           = 2005
}

@Article{ICCC06,
  Author         = {{I. Castillo} and {C. Camargo} and {C. Perez}},
  Title          = {Automatizaci\'on de un puente gr\'ua a escala,
                   mediante una plataforma embebida la cual soporta
                   multiprogramaci\'on},
  Journal        = {XII Workshop Iberchip},
  year           = 2006
}

@Article{CC11d,
  Author         = {{C. Camargo}},
  Title          = {Metodolog\'{\i}a {P}ara la {T}ransferencia
                   {T}ecnol\'ogica en la {I}ndustria {E}lectr\'onica
                   {B}asada en {S}oftware {L}ibre y {H}ardware {C}opyleft},
  Journal        = {XVII Workshop de Iberchip, Bogot\'a Colombia},
  month          = feb,
  year           = 2011
}

@Article{CC06b,
  Author         = {{C. Camargo}},
  Title          = {Linux como herramienta de {D}esarrollo de {S}istemas
                   {E}mbebidos},
  Journal        = {XII Workshop de Iberchip, San Jose},
  year           = 2006
}

@Article{JSCC03,
  Author         = {{J. Sep\'ulveda} and {C. Camargo} and {A. Delgado}},
  Title          = {El {P}roblema {SAT}: {E}nfoque {C}omparativo con {ADN}
                   y {FPGA}},
  Journal        = {Memorias del IX Workshop de Iberchip ISBN
                   959-261-105-X},
  year           = 2003
}

@Article{JSCC04c,
  Author         = {{J. Sep\'ulveda} and {C. Camargo} and {S. Bolivar}},
  Title          = {Metodolog\'{\i}a de {I}mplementaci\'on de
                   {A}ut\'omatas {C}elulares en {FPGA}},
  Journal        = {Memorias del X Workshop de Iberchip ISBN 959-261-105-X},
  year           = 2004
}

@Article{Lin05,
  Author         = {Linuxdevices},
  Title          = {Embedded {L}inux market snapshot, 2005},
  Journal        = {http://www.linuxdevices.com},
  month          = {4 } # may,
  year           = 2005
}

@Article{JM06,
  Author         = {{J. McLurkin}},
  Title          = {Speaking {S}warmish},
  Journal        = {AAAI Spring Symposium},
  year           = 2006
}

@Article{JT04,
  Author         = {{J. Turley}},
  Title          = {Embedded systems survey: {O}perating systems up for
                   grabs},
  Journal        = {Embedded Systems Programming},
  month          = may,
  year           = 2004
}

@Article{CLSB05,
  Author         = {{C. Lanfear} and {S. Balacco} and {M. Volckmann}},
  Title          = {The 2005 {E}mbedded {S}oftware {S}trategic {M}arket
                   {I}ntelligence {P}rogram},
  Journal        = {Venture Development Corporation
                   http://www.vdc-corp.com},
  month          = aug,
  year           = 2005
}

@Article{CC08b,
  Author         = {{C. Camargo}},
  Title          = {E{CBOT}: {A}rquitectura {A}bierta para {R}obots
                   {M}\'obiles},
  Journal        = {VII conferencia Iberoamericana en Sistemas,
                   Cibern\'etica e Inform\'atica},
  year           = 2008
}

@Article{CC08c,
  Author         = {{C. Camargo}},
  Title          = {E{CBOT} y {ECB}\_{A}{T}91 {P}lataformas {A}biertas
                   para el {D}ise\~no de {S}istemas {E}mbebidos y
                   {C}o-dise\~no {HW}-{SW}},
  Journal        = {VIII Jornadas de Computaci\'on Reconfigurable y
                   Aplicaciones},
  year           = 2008
}

@Article{BGRTV03,
  Author         = {{B.P. Gerkey} and {R. T. Vaughan} and {A. Howard}},
  Title          = {The {P}layer/{S}tage project: {T}ools for
                   {M}ulti-robot and {D}istributed {S}ensor {S}ystems,},
  Journal        = {Proceedings of the International Conference on
                   Advanced Robotics (ICAR)},
  Pages          = {317-323},
  year           = 2003
}

@PhdThesis{Cor05,
  Author         = {{Luis Alejandro Cort\'es}},
  Title          = {Verification and {S}cheduling {T}echniques for
                   {R}eal-{T}ime {E}mbedded {S}ystems},
  School         = {Link\"opings universitet Institute of Technology},
  publisher      = {UniTryck},
  year           = 2005
}

@Misc{IB98,
  Author         = {{I. Bowman}},
  Title          = {Conceptual {A}rchitecture of the {L}inux {K}ernel},
  HowPublished   = {http://www.grad.math.uwaterloo.ca/~itbowman/CS746G/a1/},
  year           = 1998
}

@Article{MR96,
  Author         = {{M. Resnick}},
  Title          = {Starlogo: {A}n {E}nvironment for {D}ecentralized
                   {M}odeling and {D}ecentralized {T}hinking},
  Journal        = {Conference Companion on Human Factors in Computing
                   Systems. New York, NY, USA: ACM Press},
  year           = 1996
}

@MastersThesis{Roq07,
  Author         = {Roque, Ricarose Vallarta},
  Title          = {Open{B}locks : an extendable framework for graphical
                   block programming systems},
  School         = {MIT},
  year           = 2007
}

@Article{CCJC02,
  Author         = {{C. Camargo} and {J. Cortes} and {A. Jim\'enez}},
  Title          = {Control {E}xperimental de un {C}ircuito {C}a\'otico},
  year           = 2002
}

@Misc{Mo05,
  Author         = {{M. opdenacker}},
  Title          = {Embedded {L}inux {K}ernel and driver development},
  HowPublished   = {http://free-electrons.com},
  month          = {14 } # aug,
  year           = 2005
}

@Misc{Ale01,
  Author         = {Aleph1},
  Title          = {Boot {L}oader {G}uide},
  HowPublished   = {http://www.aleph1.co.uk/armlinux/docs/ARM
                   booting/t1.html},
  month          = {7 } # sep,
  year           = 2001
}

@Article{CC11c,
  Author         = {{C. Camargo}},
  Title          = {S{IE}: {P}lataforma {H}ardware copyleft para la
                   {E}nse\~nanza de {S}istemas {D}igitales},
  Journal        = {XVII Workshop de Iberchip, Bogot\'a Colombia},
  month          = feb,
  year           = 2011
}

@Misc{IBSS98,
  Author         = {{I. Bowman} and {S. Siddiqi} and {M. Tanuan}},
  Title          = {Concrete {A}rchitecture of the {L}inux {K}ernel},
  HowPublished   = {http://plg.uwaterloo.ca/~itbowman/CS746G/a2},
  month          = {12 } # feb,
  year           = 1998
}

@Article{CC11e,
  Author         = {{C. Camargo}},
  Title          = {Low {C}ost {P}latform for {E}volvable-{B}ased
                   {B}oolean {S}ynthesis},
  Journal        = {IEEE Latin American Symposium on Circuits and Systems
                   (LASCAS 2011), Bogot\'a Colombia},
  month          = feb,
  year           = 2011
}

@Book{DA09,
  Author         = {{D. Alimisis} and {C. Kynigos}},
  Editor         = {{Dimitris Alimisis}},
  Title          = {Teacher {E}ducation on {R}obotics-{E}nhanced
                   {C}onstructivist {P}edagogical {M}ethods},
  Publisher      = {School of Pedagogical and Technological Education
                   (ASPETE)},
  year           = 2009
}

@Article{CC08,
  Author         = {{C. Camargo}},
  Title          = {E{CBOT} y {ECB}\_{A}{T}91 {P}lataformas {A}biertas
                   para el {D}ise\~no de {S}istemas {E}mbebidos y
                   {C}o-{D}ise\~no {HW}/{SW}},
  Journal        = {VIII Jornadas de Computaci\'on Reconfigurable y
                   Aplicaciones, Madrid Espa\~na},
  month          = sep,
  year           = 2008
}

@Article{CC07,
  Author         = {{C. Camargo}},
  Title          = {E{CBOT}: {A}rquitectura {A}bierta para {R}obots
                   {M}\'oviles},
  Journal        = {IEEE Colombian Workshop on Circuits and Systems},
  year           = 2007
}

@Article{JT05,
  Author         = {{J. Turley}},
  Title          = {Five irreversible decisions},
  Journal        = {Embedded Systems Programming},
  month          = {27 } # jan,
  year           = 2005
}

@Article{FPFS+05,
  Author         = {{F. Pedraza} and {F. Segura} and {C. Camargo} and {A.
                   Gauthier}},
  Title          = {Control {A}daptativo {E}mbebido},
  Journal        = {Memorias del XI workshop de Iberchip ISBN
                   959-261-105-X},
  year           = 2005
}

@Article{JEFS05,
  Author         = {{J. Espinosa} and {F. Segura} and {C. Camargo}},
  Title          = {Evoluci\'on de un {A}rreglo de {C}\'elulas
                   {U}tilizando {A}lgoritmos {G}en\'eticos},
  Journal        = {Memorias del XI Workshop de Iberchip ISBN
                   959-261-105-X},
  year           = 2005
}

@Article{JM03,
  Author         = {Jones, C. and Mataric, M.},
  Title          = {Adaptive {D}ivision of {L}abor in {L}arge-{S}cale
                   {M}inimalist {M}ulti-{R}obot {S}ystems},
  Journal        = {Proceedings of the IEEE/RSJ International Conference
                   on Robotics and Intelligent Systems (IROS). Las Vegas,
                   Nevada},
  year           = 2003
}

@Misc{AO,
  Author         = {{Aleph One}},
  Title          = {Porting the {L}inux {K}ernel to a {N}ew {ARM}
                   {P}latform},
  HowPublished   = {http://www.aleph1.co.uk}
}

@Article{WSCC,
  Author         = {{C. Camargo}},
  Title          = {Proyecto {SAKC}},
  Journal        = {URL:http://en.qi-hardware.com/wiki/SAKC}
}

@InProceedings{swarmbot-ascona02,
  Author         = {Mondada, F. and Pettinaro, G. C. and Kwee, I. and
                   Guignard, A. and Gambardella, L. and Floreano, D. and
                   Nolfi, S. and Deneubourg, J.-L. and Dorigo, M.},
  Title          = {{SWARM-BOT}: A Swarm of Autonomous Mobile Robots with
                   Self-Assembling Capabilities},
  BookTitle      = {Proceedings of the International Workshop on
                   Self-organisation and Evolution of Social Behaviour},
  Editor         = {Hemelrijk, C.K. and Bonabeau, E.},
  Pages          = "307-312",
  Address        = {Monte Verit\`a, Ascona, Switzerland},
  Publisher      = {University of Zurich},
  month          = sep # "~8-13,",
  year           = 2002
}

