@comment{This file has been generated by Pybliographer}


@Article{CC11d,
  Author         = {{C. Camargo}},
  Title          = {Metodolog\'{\i}a {P}ara la {T}ransferencia
                   {T}ecnol\'ogica en la {I}ndustria {E}lectr\'onica
                   {B}asada en {S}oftware {L}ibre y {H}ardware {C}opyleft},
  Journal        = {XVII Workshop de Iberchip, Bogot\'a Colombia},
  month          = feb,
  year           = 2011
}

@Article{CC11c,
  Author         = {{C. Camargo}},
  Title          = {S{IE}: {P}lataforma {H}ardware copyleft para la
                   {E}nse\~nanza de {S}istemas {D}igitales},
  Journal        = {XVII Workshop de Iberchip, Bogot\'a Colombia},
  month          = feb,
  year           = 2011
}

@Article{CC11e,
  Author         = {{C. Camargo}},
  Title          = {Low {C}ost {P}latform for {E}volvable-{B}ased
                   {B}oolean {S}ynthesis},
  Journal        = {IEEE Latin American Symposium on Circuits and Systems
                   (LASCAS 2011), Bogot\'a Colombia},
  month          = feb,
  year           = 2011
}

@Article{CC11,
  Author         = {{C. Camargo}},
  Title          = {Hardware copyleft como {H}erramienta para la
                   {E}nse\~nanza de {S}istemas {E}mbebidos},
  Journal        = {Simposio Argentino de Sistemas Embebidos},
  year           = 2011
}

@Article{CC09,
  Author         = {{C. Camargo}},
  Title          = {Control de {S}istemas {P}aralelos {I}nspirado en la
                   {N}aturaleza},
  Journal        = {Colombian Workshop on Circuits and Systems},
  year           = 2009
}

@Article{CC08,
  Author         = {{C. Camargo}},
  Title          = {E{CBOT} y {ECB}\_{A}{T}91 {P}lataformas {A}biertas
                   para el {D}ise\~no de {S}istemas {E}mbebidos y
                   {C}o-{D}ise\~no {HW}/{SW}},
  Journal        = {VIII Jornadas de Computaci\'on Reconfigurable y
                   Aplicaciones, Madrid Espa\~na},
  month          = sep,
  year           = 2008
}

@Article{CC08b,
  Author         = {{C. Camargo}},
  Title          = {E{CBOT}: {A}rquitectura {A}bierta para {R}obots
                   {M}\'obiles},
  Journal        = {VII conferencia Iberoamericana en Sistemas,
                   Cibern\'etica e Inform\'atica},
  year           = 2008
}

@Article{CC08c,
  Author         = {{C. Camargo}},
  Title          = {E{CBOT} y {ECB}\_{A}{T}91 {P}lataformas {A}biertas
                   para el {D}ise\~no de {S}istemas {E}mbebidos y
                   {C}o-dise\~no {HW}-{SW}},
  Journal        = {VIII Jornadas de Computaci\'on Reconfigurable y
                   Aplicaciones},
  year           = 2008
}

@Article{CC07,
  Author         = {{C. Camargo}},
  Title          = {E{CBOT}: {A}rquitectura {A}bierta para {R}obots
                   {M}\'oviles},
  Journal        = {IEEE Colombian Workshop on Circuits and Systems},
  year           = 2007
}

@Article{ICCC06,
  Author         = {{I. Castillo} and {C. Camargo} and {C. Perez}},
  Title          = {Automatizaci\'on de un puente gr\'ua a escala,
                   mediante una plataforma embebida la cual soporta
                   multiprogramaci\'on},
  Journal        = {XII Workshop Iberchip},
  year           = 2006
}

@Article{CCOS06,
  Author         = {{C. Camargo} and {O. Sanchez}},
  Title          = {Linux embebido como herramienta para realizar
                   reconfiguraci\'on parcial},
  Journal        = {XII Workshop Iberchip},
  year           = 2006
}

@Misc{CC06,
  Author         = {{C. Camargo}},
  Title          = {First {C}olombian {L}inux {SBC} runs {D}ebian},
  HowPublished   = {URL:
                   http://www.linuxfordevices.com/c/a/News/First-Colombian-Linux-SBC-runs-Debian/},
  year           = 2006
}

@Article{CC05,
  Author         = {{C. Camargo}},
  Title          = {Implementaci\'on de {S}istemas {D}igitales {C}omplejos
                   {U}tilizando {S}istemas {E}mbebidos},
  Journal        = {Memorias del XI Workshop de Iberchip ISBN
                   959-261-105-X},
  year           = 2005
}

@Article{JEFS05,
  Author         = {{J. Espinosa} and {F. Segura} and {C. Camargo}},
  Title          = {Evoluci\'on de un {A}rreglo de {C}\'elulas
                   {U}tilizando {A}lgoritmos {G}en\'eticos},
  Journal        = {Memorias del XI Workshop de Iberchip ISBN
                   959-261-105-X},
  year           = 2005
}

@Article{FPFS+05,
  Author         = {{F. Pedraza} and {F. Segura} and {C. Camargo} and {A.
                   Gauthier}},
  Title          = {Control {A}daptativo {E}mbebido},
  Journal        = {Memorias del XI workshop de Iberchip ISBN
                   959-261-105-X},
  year           = 2005
}

@Article{JSCC04c,
  Author         = {{J. Sep\'ulveda} and {C. Camargo} and {S. Bolivar}},
  Title          = {Metodolog\'{\i}a de {I}mplementaci\'on de
                   {A}ut\'omatas {C}elulares en {FPGA}},
  Journal        = {Memorias del X Workshop de Iberchip ISBN 959-261-105-X},
  year           = 2004
}

@Article{JSCC04b,
  Author         = {{J. Sep\'ulveda} and {C. Camargo}},
  Title          = {Implementaci\'on de un {S}istema {I}nmune{A}rtificial
                   sobre un {FPGA} para {R}econocimiento de {P}atrones},
  Journal        = {Memorias del X WorkShop de Iberchip ISBN 959-261-105-X},
  year           = 2004
}

@Article{JSCC04,
  Author         = {{J. Sep\'ulveda} and {C. Camargo} and {A. Delgado}},
  Title          = {Implementaci\'on de {C}hip de {ADN} en {FPGA}},
  Journal        = {Memorias del X Workshop de Iberchip ISBN 959-261-105-X},
  year           = 2004
}

@Article{JSCC03,
  Author         = {{J. Sep\'ulveda} and {C. Camargo} and {A. Delgado}},
  Title          = {El {P}roblema {SAT}: {E}nfoque {C}omparativo con {ADN}
                   y {FPGA}},
  Journal        = {Memorias del IX Workshop de Iberchip ISBN
                   959-261-105-X},
  year           = 2003
}

@Article{CCJC02,
  Author         = {{C. Camargo} and {J. Cortes} and {A. Jim\'enez}},
  Title          = {Control {E}xperimental de un {C}ircuito {C}a\'otico},
  year           = 2002
}

@Article{WSCC,
  Author         = {{C. Camargo}},
  Title          = {Proyecto {SAKC}},
  Journal        = {URL:http://en.qi-hardware.com/wiki/SAKC}
}

@Article{CC,
  Author         = {{C. Camargo}},
  Title          = {E{CB}\_{A}{T}91 y {ECBOT} {P}lataformas {A}biertas
                   para el desarrollo de {S}istemas {E}mbebidos},
  Journal        = {URL: http://wiki.emqbit.com/free-ecb-at91}
}

