@comment{This file has been generated by Pybliographer}


@Misc{RS07,
  Author         = {{R. Stallman}},
  Title          = {Philosophy of the {GNU} project.},
  HowPublished   = {URL: http://www.gnu.org/philosophy/},
  year           = 2007
}

@Book{JCAR05,
  Author         = {{J. Corbet} and {A. Rubini} and {G. Kroah-Hartman}},
  Title          = {Linux {D}evice {D}rivers, {T}hird {E}dition},
  Publisher      = {O'Reilly},
  year           = 2005
}

@Article{OPPS05,
  Author         = {{O. Pomerantz} and {P. Salzman} and {M. Burian}},
  Title          = {The {L}inux {K}ernel {M}odule {P}rogramming {G}uide
                   ver 2.6.1},
  Journal        = {The Linux Documentation Project http://www.tldp.org/},
  month          = {26 } # may,
  year           = 2005
}

@Article{DGJH98,
  Author         = {{D Goldberg} and {J Holland.}},
  Title          = {Genetic algorithms and machine learning},
  Journal        = {Machine Learning},
  month          = jan,
  year           = 1998
}

@Article{Lin05,
  Author         = {Linuxdevices},
  Title          = {Embedded {L}inux market snapshot, 2005},
  Journal        = {http://www.linuxdevices.com},
  month          = {4 } # may,
  year           = 2005
}

@Article{RL04,
  Author         = {{R. LeGrand}},
  Title          = {Closed-{L}oop {M}otion {C}ontrol for {M}obile
                   {R}obotics},
  Journal        = {Circuit Cellar Ink},
  month          = aug,
  year           = 2004
}

@Article{JM06,
  Author         = {{J. McLurkin}},
  Title          = {Speaking {S}warmish},
  Journal        = {AAAI Spring Symposium},
  year           = 2006
}

@InProceedings{MorenoTS05,
  Author         = {Juan Manuel Moreno and Yann Thoma and Eduardo Sanchez},
  Title          = {POEtic: A Prototyping Platform for Bio-inspired
                   Hardware},
  BookTitle      = {ICES},
  Pages          = {177-187},
  bibsource      = {DBLP, http://dblp.uni-trier.de},
  ee             = {http://dx.doi.org/10.1007/11549703_17},
  year           = 2005
}

@Misc{CS04,
  Author         = {{C. S\'eveillac}},
  Title          = {Build {Q}t/{E}mbedded and {O}pie on a {L}inux, x86
                   architecture, for {ARM} target architecture.},
  HowPublished   = {http://dudu.dyn.2-h.org/nist/qt-notes.php},
  month          = {20 } # nov,
  year           = 2004
}

@TechReport{BGKS00,
  Author         = {{B. Gerkey} and {K. Stoy} and {R. T. Vaughan}},
  Title          = {Player {R}obot {S}erver},
  Institution    = {USC Robotics Labs},
  month          = {22 } # nov,
  year           = 2000
}

@Misc{CCb,
  Author         = {{Creative Commons}},
  Title          = {{C}reative {C}ommons {Licenses}},
  HowPublished   = {URL: http://creativecommons.org/licenses.},
  year           = 2004
}

@Article{CC11d,
  Author         = {{C. Camargo}},
  Title          = {Metodolog\'{\i}a {P}ara la {T}ransferencia
                   {T}ecnol\'ogica en la {I}ndustria {E}lectr\'onica
                   {B}asada en {S}oftware {L}ibre y {H}ardware {C}opyleft},
  Journal        = {XVII Workshop de Iberchip, Bogot\'a Colombia},
  month          = feb,
  year           = 2011
}

@Article{Kajitani:1996p16,
  Author         = {I Kajitani and T Hoshino and M Iwata and T Higuchi},
  Title          = {Variable length chromosome GA for evolvable hardware},
  Journal        = {Evolutionary Computation},
  Pages          = {443 -- 447},
  abstract       = {Page 1. GA for 1 1 0 1 Isamu Kajitani Tsutomu Hoshino
                   Institute of Eiigiiieering bIechaiiics },
  date-added     = {2009-03-25 17:01:15 +0100},
  date-modified  = {2009-03-25 17:01:15 +0100},
  label          = {rec-number 2454},
  month          = {Jan},
  pmid           = {3583014138661569452},
  rating         = {0},
  year           = 1996
}

@Article{coello2000,
  Author         = {Coello, CAC and Zavala, RL and Garcia, BM},
  Title          = {Ant colony system for the design of combinational
                   logic circuits},
  Journal        = {Lecture Notes in Computer Science},
  Pages          = {21--30},
  Note           = {},
  url            = {http://www.springerlink.com/index/FJHNFGYEPARY6BQG.pdf},
  year           = 2000
}

@InProceedings{SEKANINA2008,
  Author         = {Zdenek Vasicek and Lukas Sekanina},
  Title          = {Hardware Accelerators for Cartesian Genetic
                   Programming},
  BookTitle      = {Eleventh European Conference on Genetic Programming},
  Series         = {LNCS 4971},
  Pages          = {230--241},
  Publisher      = {Springer Verlag},
  year           = 2008
}

@Misc{CC06,
  Author         = {{C. Camargo}},
  Title          = {First {C}olombian {L}inux {SBC} runs {D}ebian},
  HowPublished   = {http://www.linuxdevices.com/news/NS6698241512.html},
  month          = {24 } # apr,
  year           = 2006
}

@InProceedings{ABYSEK2010,
  Author         = {Zbysek Gajda and Lukas Sekanina},
  Title          = {An Efficient Selection Strategy for Digital Circuit
                   Evolution},
  BookTitle      = {Evolvable Systems: From Biology to Hardware},
  Series         = {LNCS 6274},
  Pages          = {13--24},
  Publisher      = {Springer Verlag},
  year           = 2010
}

@Misc{Ale01,
  Author         = {Aleph1},
  Title          = {Boot {L}oader {G}uide},
  HowPublished   = {http://www.aleph1.co.uk/armlinux/docs/ARM
                   booting/t1.html},
  month          = {7 } # sep,
  year           = 2001
}

@Article{CC11b,
  Author         = {{C. Camargo}},
  Title          = {Hardware copyleft como {H}erramienta para la
                   {E}nse\~nanza de {S}istemas {E}mbebidos},
  Journal        = {Congreso Argentino de Sistemas Embebidos CASE 2011,
                   Buenos Aires Argentina},
  month          = mar,
  year           = 2011
}

@Misc{IB98,
  Author         = {{I. Bowman}},
  Title          = {Conceptual {A}rchitecture of the {L}inux {K}ernel},
  HowPublished   = {http://www.grad.math.uwaterloo.ca/~itbowman/CS746G/a1/},
  year           = 1998
}

@Article{QYCC06,
  Author         = {{Q. Yu} and {C. Chen} and {C. Pan}},
  Title          = {Parallel genetic algoritms on programmable graphics
                   hardware.},
  Journal        = {Lecture notes in computer scienc},
  month          = jan,
  year           = 2006
}

@Article{JMPT98,
  Author         = {{J Miller} and {P Thomson}},
  Title          = {Aspects of digital evolution: {E}volvability and
                   architecture.},
  Journal        = {Lecture Notes in Computer Science},
  month          = jan,
  year           = 1998
}

@Article{polipage,
  Author         = {R. Poli and J. Page},
  Title          = {Solving High-Order Boolean Parity Problems with Smooth
                   Uniform Crossover, Sub-Machine Code GP and Demes},
  Journal        = {Genetic Programming and Evolvable Machines},
  Volume         = {1},
  Number         = {1--2},
  Pages          = {37--56},
  year           = 2000
}

@Article{cantu:2001,
  Author         = {Cant\'{u}-Paz, Erick},
  Title          = {Migration Policies, Selection Pressure, and Parallel
                   Evolutionary Algorithms},
  Journal        = {Journal of Heuristics},
  Volume         = {7},
  Number         = {4},
  Pages          = {311--334},
  address        = {Hingham, MA, USA},
  doi            = {http://dx.doi.org/10.1023/A:1011375326814},
  issn           = {1381-1231},
  publisher      = {Kluwer Academic Publishers},
  year           = 2001
}

@Article{Aguirre:2009p66,
  Author         = {A Aguirre and C Coello and B Buckles},
  Title          = {A genetic programming approach to logic function
                   synthesis by means of multiplexers},
  Journal        = {Proc. of the I NASA/DoD Workshop on Evolvable
                   hardware.},
  Pages          = {46 -- 53},
  date-added     = {2009-03-25 17:01:14 +0100},
  date-modified  = {2009-03-25 17:01:15 +0100},
  label          = {rec-number 2881},
  pmid           = {2945467979013839984},
  rating         = {0},
  uri            = {papers://EA07752A-15CC-4712-9A44-EAFABEBF7FB8/Paper/p66},
  url            = {http://www.ncbi.nlm.nih.gov/entrez/query.fcgi?db=pubmed&cmd=Retrieve&dopt=AbstractPlus&list_uids=2945467979013839984},
  year           = 1999
}

@Book{CH02,
  Author         = {{Craig Hollabaugh.}},
  Title          = {Embedded {L}inux: {H}ardware, {S}oftware, and
                   {I}nterfacing},
  Publisher      = {Addison Wesley Professional.},
  month          = {7 } # mar,
  year           = 2002
}

@Misc{CCNC,
  Author         = {{C. Camargo} and {N. Castillo} and {A. Calder\'on}},
  Title          = {Free {ECB}\_{A}{T}91},
  HowPublished   = {http://wiki.emqbit.com/wiki}
}

@InProceedings{VASSILEV2000,
  Author         = "V. Vassilev and D. Job and Julian F. Miller",
  Title          = "{Towards the Automatic Design of More Efficient
                   Digital Circuits}",
  BookTitle      = "Proc. of the 2nd NASA/DoD Workshop on Evolvable
                   Hardware",
  Editor         = "J. Lohn and A. Stoica and D. Keymeulen and S.
                   Colombano",
  Pages          = "151--160",
  Address        = "Los Alamitos, CA, USA",
  Publisher      = "IEEE Computer Society",
  year           = 2000
}

@InBook{JaMJM05,
  Author         = {{Jones and Maja J Mataric}},
  Editor         = {{Sam S. Ge} and {Frank L. Lewis}},
  Title          = {Autonomous {M}obile {R}obots: {S}ensing, {C}ontrol,
                   {D}ecision-{M}aking, and {A}pplications},
  Chapter        = {Behavior-Based Coordination in Multi-Robot Systems},
  Publisher      = {Marcel Dekker, Inc},
  year           = 2005
}

@Misc{entry-2,
  Author         = {EPFL},
  Title          = {{e}-puck {EPFL} {E}ducation robot},
  HowPublished   = {http://www.e-puck.org/}
}

@Article{ZVLS07,
  Author         = {{Z. Vasicek} and {L. Sekanina}},
  Title          = {An evolvable hardware system in {X}ilinx {V}irtex {II}
                   {P}ro {FPGA}},
  Journal        = {Int. J. Innovative Computing and Applications},
  year           = 2007
}

@Misc{Mo05,
  Author         = {{M. opdenacker}},
  Title          = {Embedded {L}inux {K}ernel and driver development},
  HowPublished   = {http://free-electrons.com},
  month          = {14 } # aug,
  year           = 2005
}

@Book{FR06,
  Author         = {{F. Rothlauf}},
  Title          = {Representations for genetic and evolutionay
                   algorithms.},
  Publisher      = {Springer},
  month          = jan,
  year           = 2006
}

@Article{RKYZ02,
  Author         = {{R Krohling} and {Y Zhou} and {A Tyrrell}},
  Title          = {Evolving fpga-based robot controllers using an
                   evolutionary algorithm},
  Journal        = {Proc. I Int. Conf. on Articial Immune Syst},
  month          = jan,
  year           = 2002
}

@Article{AZMN03,
  Author         = {{Abu Zaharin} and {Mohd Nasir}},
  Title          = {A {S}tudy {O}n {T}he {DC} {M}otor {S}peed {C}ontrol
                   {B}y {U}sing {B}ack-{EMFV}oltage},
  Journal        = {ASIAN CONFERENCE ON SENSORS},
  month          = jul,
  year           = 2003
}

@Misc{LD02,
  Author         = {{L. Doolittle}},
  Title          = {Building {L}inux for the nano{E}ngine},
  HowPublished   = {http://recycle.lbl.gov/~ldoolitt/bse/},
  month          = {26 } # jun,
  year           = 2002
}

@Article{JT05,
  Author         = {{J. Turley}},
  Title          = {Five irreversible decisions},
  Journal        = {Embedded Systems Programming},
  month          = {27 } # jan,
  year           = 2005
}

@Article{JMPT98b,
  Author         = {{J Miller} and {P Thomson}},
  Title          = {Aspects of digital evolution: {E}volvability and
                   architecture.},
  Journal        = {Lecture Notes in Computer Science},
  month          = jan,
  year           = 1998
}

@Article{WSCC,
  Author         = {{C. Camargo} and {W. Spraul} and {A. Wang}},
  Title          = {Proyecto {SAKC}},
  Journal        = {URL:http://en.qi-hardware.com/wiki/SAKC}
}

@Article{MB03,
  Author         = {{M. Barr}},
  Title          = {How to {C}hoose a {R}eal-{T}ime {O}perating {S}ystem},
  Journal        = {Embedded Systems Programming},
  month          = jan,
  year           = 2003
}

@Article{BGRTV03,
  Author         = {{B.P. Gerkey} and {R. T. Vaughan} and {A. Howard}},
  Title          = {The {P}layer/{S}tage project: {T}ools for
                   {M}ulti-robot and {D}istributed {S}ensor {S}ystems,},
  Journal        = {Proceedings of the International Conference on
                   Advanced Robotics (ICAR)},
  Pages          = {317-323},
  year           = 2003
}

@Article{RORA+07,
  Author         = {{R. Oreifej} and {R. Al-haddad} and {H. Tan} and {R.
                   Demara}},
  Title          = {{L}ayered {A}pproach to {I}ntrinsic {E}volvable
                   {H}ardware {U}sing {D}irect {B}itstream {M}anipulation
                   of {V}irtex {II} {PRO} {D}evices},
  Journal        = {International Conference on Field Programmable Logic
                   and Applications},
  year           = 2007
}

@Article{JT04,
  Author         = {{J. Turley}},
  Title          = {Embedded systems survey: {O}perating systems up for
                   grabs},
  Journal        = {Embedded Systems Programming},
  month          = may,
  year           = 2004
}

@Article{THTN+92,
  Author         = {{T Higuchi} and {T Niwa} and {T Tanaka} and {H Iba}
                   and {H de Garis}},
  Title          = {Evolving hardware with genetic learning: a rst step
                   towards building a darwin machine.},
  Journal        = {Proc. of the second Int. Conf. on from animals to
                   animats},
  month          = jan,
  year           = 1992
}

@Article{Xu2009,
  Author         = {Xu, H and Ding, Y and Hu, Z},
  Title          = {Adaptive immune genetic algorithm for logic circuit
                   design},
  Journal        = {Proc. of the first ACM/SIGEVO},
  Pages          = {639-644},
  Note           = {},
  url            = {http://portal.acm.org/citation.cfm?id=1543834.1543921},
  year           = 2009
}

@InProceedings{UpeguiS05,
  Author         = {Andres Upegui and Eduardo Sanchez},
  Title          = {Evolving Hardware by Dynamically Reconfiguring Xilinx
                   FPGAs},
  BookTitle      = {ICES},
  Pages          = {56-65},
  bibsource      = {DBLP, http://dblp.uni-trier.de},
  ee             = {http://dx.doi.org/10.1007/11549703_6},
  year           = 2005
}

@Article{JJPR,
  Author         = {{J. Jeon} and {P. Rhee}},
  Title          = {An {E}volvable {H}ardware {S}ystem {U}nder {V}arying
                   {I}llumination {E}nvironment},
  Journal        = {Advances in Natural Computation}
}

@Article{koza2005,
  Author         = {Koza, JR and Keane, MA and Streeter, MJ and Mydlowec,
                   W and Yu, J},
  Title          = {Genetic programming IV: Routine human-competitive
                   machine intelligence},
  Journal        = {Kluwer Academic Publishers},
  Note           = {},
  url            = {},
  year           = 2005
}

@InProceedings{swarmbot-ascona02,
  Author         = {Mondada, F. and Pettinaro, G. C. and Kwee, I. and
                   Guignard, A. and Gambardella, L. and Floreano, D. and
                   Nolfi, S. and Deneubourg, J.-L. and Dorigo, M.},
  Title          = {{SWARM-BOT}: A Swarm of Autonomous Mobile Robots with
                   Self-Assembling Capabilities},
  BookTitle      = {Proceedings of the International Workshop on
                   Self-organisation and Evolution of Social Behaviour},
  Editor         = {Hemelrijk, C.K. and Bonabeau, E.},
  Pages          = "307-312",
  Address        = {Monte Verit\`a, Ascona, Switzerland},
  Publisher      = {University of Zurich},
  month          = sep # "~8-13,",
  year           = 2002
}

@Article{CLSB05,
  Author         = {{C. Lanfear} and {S. Balacco} and {M. Volckmann}},
  Title          = {The 2005 {E}mbedded {S}oftware {S}trategic {M}arket
                   {I}ntelligence {P}rogram},
  Journal        = {Venture Development Corporation
                   http://www.vdc-corp.com},
  month          = aug,
  year           = 2005
}

@Misc{AO,
  Author         = {{Aleph One}},
  Title          = {Porting the {L}inux {K}ernel to a {N}ew {ARM}
                   {P}latform},
  HowPublished   = {http://www.aleph1.co.uk}
}

@Misc{IBSS98,
  Author         = {{I. Bowman} and {S. Siddiqi} and {M. Tanuan}},
  Title          = {Concrete {A}rchitecture of the {L}inux {K}ernel},
  HowPublished   = {http://plg.uwaterloo.ca/~itbowman/CS746G/a2},
  month          = {12 } # feb,
  year           = 1998
}

@Article{Vasicek2008,
  Author         = {Vascek, Z and Sekanina, L},
  Title          = {Hardware accelerators for cartesian genetic
                   programming},
  Journal        = {Lecture Notes in Computer Science},
  Pages          = {230--241},
  Note           = {},
  url            = {http://www.springerlink.com/index/w3k47v75797t2r42.pdf},
  year           = 2008
}

@Article{JM03,
  Author         = {Jones, C. and Mataric, M.},
  Title          = {Adaptive {D}ivision of {L}abor in {L}arge-{S}cale
                   {M}inimalist {M}ulti-{R}obot {S}ystems},
  Journal        = {Proceedings of the IEEE/RSJ International Conference
                   on Robotics and Intelligent Systems (IROS). Las Vegas,
                   Nevada},
  year           = 2003
}

@InProceedings{balnolpar02,
  Author         = {Baldassarre, G. and Nolfi, S. and Parisi, D.},
  Title          = {Evolving Mobile Robots Able to Display Collective
                   Behaviours},
  BookTitle      = {Proceedings of the International Workshop on
                   Self-Organisation and Evolution of Social Behaviour},
  Editor         = {Hemelrijk, C.K. and Bonabeau, E.},
  Pages          = {11-22},
  Address        = {Monte Verit\`a, Ascona, Switzerland},
  Publisher      = {University of Zurich},
  month          = sep # "~8-13,",
  year           = 2002
}

@InProceedings{UpeguiS06,
  Author         = {Andres Upegui and Eduardo Sanchez},
  Title          = {Evolving Hardware with Self-reconfigurable
                   connectivity in Xilinx FPGAs},
  BookTitle      = {AHS},
  Pages          = {153-162},
  bibsource      = {DBLP, http://dblp.uni-trier.de},
  ee             = {http://doi.ieeecomputersociety.org/10.1109/AHS.2006.38},
  year           = 2006
}

@Article{nicholson,
  Author         = {Nicholson, A},
  Title          = {Evolution and Learning for Digital Circuit Design},
  Journal        = {Proc. Genetic and Evolutionary Computation Conf},
  Pages          = {519 -- 524},
  Note           = {},
  url            = {http://scholar.google.es/scholar?hl=es&q=nicholson+goldberg+evolution+learning+digital&btnG=Buscar&lr=&as_ylo=&as_vis=0#0},
  year           = 2000
}

@Article{JKFB+99,
  Author         = {{J Koza} and {F Bennett} and {D Andre} and {M Keane}},
  Title          = {Genetic programming iii: darwinian invention and
                   problem solving.},
  Journal        = {Evolutionary Computation},
  month          = jan,
  year           = 1999
}

