@comment{This file has been generated by Pybliographer}


@Misc{A1,
  Author         = {{Aleph 1}},
  Title          = {Building the {T}oolchain},
  HowPublished   = {http://www.aleph1.co.uk/node/279}
}

@InCollection{FGGM04,
  Author         = {{F. Gruau} and {G. Moszkowski}},
  Title          = {The {B}lob {D}ivision {A} "{H}ardware-{F}ree", {T}ime
                   {E}fficient, {S}elf-{R}eproduction on 2{D} {C}ellular
                   {A}utomaton},
  BookTitle      = {Biologically {I}nspired {A}pproaches to {A}dvanced
                   {I}nformation {T}echnology: {F}irst {I}nternational
                   {W}orkshop, {B}io{ADIT} 2004, {L}ausanne, {S}witzerland},
  Publisher      = {Springer},
  journal        = {Computing Frontiers},
  year           = 2004
}

@Misc{Mae,
  Author         = {Nokia},
  Title          = {Maemo {P}roject},
  HowPublished   = {URL: http://www.maemo.org/}
}

@Article{JSCC04,
  Author         = {{J. Sep\'ulveda} and {C. Camargo} and {A. Delgado}},
  Title          = {Implementaci\'on de {C}hip de {ADN} en {FPGA}},
  Journal        = {Memorias del X Workshop de Iberchip ISBN 959-261-105-X},
  year           = 2004
}

@Article{MMZF07,
  Author         = {{Mamei M.} and {Zambonelli F.}},
  Title          = {Pervasive {P}heromone-{B}ased {I}nteraction with
                   {RFID} {T}ags},
  Journal        = {ACM Transactions on Autonomous and Adaptive Systems},
  year           = 2007
}

@InProceedings{DBAT02,
  Author         = {{D. Bradley} and {A. Tyrrell}},
  Title          = {A {H}ardware {I}mmune {S}ystem for {B}enchmark {S}tate
                   {M}achine {E}rror {D}etection},
  BookTitle      = {Congress on {E}volutionary {C}omputation},
  year           = 2002
}

@Article{FBFP07,
  Author         = {{F. Bar} and {F. Pisani} and {M. Weber}},
  Title          = {Mobile technology appropriation in a distant mirror:
                   baroque infiltration, creolization and cannibalism.},
  Journal        = {Seminario sobre Desarrollo Econ\'omico, Desarrollo
                   Social y Comunicaciones M\'oviles en Am\'erica Latina.
                   Buenos Aires},
  month          = apr,
  year           = 2007
}

@Article{CFHJ02,
  Author         = {{C. Forero} and {H. Jaramillo}},
  Title          = {The access of researchers from developing countries to
                   international science and technology},
  Journal        = {International Social Science Journal, Volume 54, Issue
                   171},
  year           = 2002
}

@Article{JM03,
  Author         = {Jones, C. and Mataric, M.},
  Title          = {Adaptive {D}ivision of {L}abor in {L}arge-{S}cale
                   {M}inimalist {M}ulti-{R}obot {S}ystems},
  Journal        = {Proceedings of the IEEE/RSJ International Conference
                   on Robotics and Intelligent Systems (IROS). Las Vegas,
                   Nevada},
  year           = 2003
}

@Misc{emQ,
  Author         = {emQbit},
  Title          = {{e}m{Q}bit {L}inux {P}owered {D}evices {C}ompany},
  HowPublished   = {URL: http://www.emqbit.com/}
}

@MastersThesis{YW04,
  Author         = {{Y. Wang}},
  Title          = {Rules of {B}lob {D}isplacement},
  School         = {Laboratoire de Recherche en Informatique, Universit\'e
                   Paris ud-XI},
  month          = jun,
  year           = 2004
}

@Article{Tee81,
  Author         = {Teece, D},
  Title          = {The {M}arket for {K}now-how. {T}echnology {T}ransfer:
                   {N}ew {I}ssues, {N}ew {A}nalysis},
  Journal        = {Special issue of the Annals of the American Academy of
                   Political and Social Science},
  year           = 1981
}

@Article{JSCC04b,
  Author         = {{J. Sep\'ulveda} and {C. Camargo}},
  Title          = {Implementaci\'on de un {S}istema {I}nmune{A}rtificial
                   sobre un {FPGA} para {R}econocimiento de {P}atrones},
  Journal        = {Memorias del X WorkShop de Iberchip ISBN 959-261-105-X},
  year           = 2004
}

@Article{AB97,
  Author         = {Arkin, R. and Balch, T.},
  Title          = {Principles and {P}ractice in {R}eview},
  Journal        = {Journal of Experimental and Theoretical Artificial
                   Intelligence 9},
  year           = 1997
}

@Article{J.B96,
  Author         = {{J .M. BALAND} and {J.P. PLATTEAU}},
  Title          = {Halting {D}egradation of {N}atural {R}esources. {I}s
                   {T}here a {R}ole for {R}ural {C}ommunities?},
  Journal        = {Oxford: Clarendon Press},
  year           = 1996
}

@Book{BBS,
  Editor         = {{Bloom B S}},
  Title          = {Taxonomy of {E}ducational {O}bjetives, the
                   classification of educational goals},
  Publisher      = {Mckay}
}

@Article{RK95,
  Author         = {Rosenchein, S. and Kaelbling, L.},
  Title          = {A {S}ituated {V}iew of {R}epresentation and {C}ontrol.
                   {S}pecial {I}ssue on {C}omputational {R}esearch on
                   {I}nteraction and {A}gency},
  Journal        = {Special Issue on Computational Research on Interaction
                   and Agency, Elsevier Science},
  year           = 1995
}

@Article{ERAC+09,
  Author         = {{E. Rodriguez} and {A. Calder\'on} and {D. Mendez} and
                   {C. Camargo}},
  Title          = {Sistema {I}ntegrado de {M}edici\'on de {E}nerg\'{\i}a,
                   {C}alidad del {S}ervicio y {O}peraci\'on {R}emota},
  Journal        = {MEMORIAS : VI Jornada de Distribuci\'on de Energia
                   El\'ectrica - ASOCODIS},
  year           = 2009
}

@Article{CCJC02,
  Author         = {{C. Camargo} and {J. Cortes} and {A. Jim\'enez}},
  Title          = {Control {E}xperimental de un {C}ircuito {C}a\'otico},
  year           = 2002
}

@Article{YTGT+04,
  Author         = {{Y. Thoma} and {G. Tempesti} and {E. Sanchez} and {J.
                   Moreno.}},
  Title          = {P{OE}tic: {A}n {E}lectronic {T}issue for
                   {B}io-{I}nspired {C}ellular {A}pplications},
  Journal        = {BioSystems},
  Pages          = {191-200},
  year           = 2004
}

@Article{CC11e,
  Author         = {{C. Camargo}},
  Title          = {Low {C}ost {P}latform for {E}volvable-{B}ased
                   {B}oolean {S}ynthesis},
  Journal        = {IEEE Latin American Symposium on Circuits and Systems
                   (LASCAS 2011), Bogot\'a Colombia},
  month          = feb,
  year           = 2011
}

@PhdThesis{MO90,
  Author         = {{M. Odedra}},
  Title          = {Information {T}echnology {T}ransfer to {D}eveloping
                   {C}ountries: {C}ase studies from {K}enya, {Z}ambia and
                   {Z}imbabwe},
  School         = {London School of Economics},
  year           = 1990
}

@InProceedings{GT04,
  Author         = {{G. Tempesti}},
  Title          = {Processor {A}rchitectures for {O}ntogenesis},
  BookTitle      = {Proceedings of the 2004 {NASA}/{D}o{D} {C}onference on
                   {E}volution {H}ardware},
  year           = 2004
}

@InBook{KLAM05,
  Author         = {{Kristina Lerman} and {Alcherio Martinoli} and {Aram
                   Galstyan}},
  Editor         = {{Sahin E.} and {Spears W.}},
  Title          = {Swarm {R}obotics {W}orkshop: {S}tate-of-the-art
                   {S}urvey,},
  Chapter        = {A review of probabilistic macroscopic models for swarm
                   robotic systems},
  Publisher      = {Springer-Verlag, Berlin Heidelberg},
  year           = 2005
}

@Article{CC08,
  Author         = {{C. Camargo}},
  Title          = {E{CBOT} y {ECB}\_{A}{T}91 {P}lataformas {A}biertas
                   para el {D}ise\~no de {S}istemas {E}mbebidos y
                   {C}o-{D}ise\~no {HW}/{SW}},
  Journal        = {VIII Jornadas de Computaci\'on Reconfigurable y
                   Aplicaciones, Madrid Espa\~na},
  month          = sep,
  year           = 2008
}

@InProceedings{JTMA02,
  Author         = {{J. Timmis} and {M. Ayara} and {R. Duncan}},
  Title          = {Towards {I}mmune {I}nspired {F}ault {T}olerance {I}n
                   {E}mbedded {S}ystems},
  BookTitle      = {Proceedings of 9th {I}nternational {C}onference on
                   {N}eural {I}nformation {P}rocessing},
  Publisher      = {IEEE},
  year           = 2002
}

@InBook{DJM+02,
  Author         = {Dudek, G. and Jenkin, M. and Milios, E. and (2002). A
                   Taxonomy of Multirobot Systems. In Balch, {T. and
                   Parker}, L.},
  Editor         = {Balch, T. and Parker, L.},
  Title          = {Robot {T}eams: {F}rom {D}iversity to {P}olymorphism},
  Chapter        = {A Taxonomy of Multirobot Systems},
  Pages          = {3-22},
  Publisher      = {Natick, Massachusetts: A.K. Peters},
  year           = 2002
}

@Article{DA08,
  Author         = {{D. Aponte}},
  Title          = {Estudio de {V}igilancia {T}ecnol\'ogica en
                   {D}ispositivos {L}\'ogicos {P}rogramables {C}omplejos
                   {CPLD}.},
  Journal        = {I Congreso Internacional de Gesti\'on Tecnol\'ogica e
                   Innovaci\'on.},
  year           = 2008
}

@Misc{RN98,
  Author         = {R. Nagpal, D. Coore},
  Title          = {An {A}lgorithm for group {F}ormation in an {A}morphous
                   {C}omputer},
  HowPublished   = {http://www.swiss.ai.mit.edu/projects/amorphous/},
  year           = 1998
}

@Book{SBME07,
  Author         = {{S. Banguero} and {M. Erazo}},
  Title          = {Plataforma de {D}esarrollo para {S}istemas {E}mbebidos
                   {B}asada en el {G}ame{B}oy {A}dvance},
  Publisher      = {Universidad Industrial de Santander},
  year           = 2007
}

@InProceedings{SSST02,
  Author         = {{S. Singh. S. Thayer}},
  Title          = {Kilorobot {S}earch and {R}escue {U}sing an
                   {I}mmunologically {I}nspired {A}pproach},
  BookTitle      = {Distributed {A}utonomous {R}obotic {S}ystems},
  Publisher      = {Springer-Verlag},
  month          = jun,
  year           = 2002
}

@Book{Ark88,
  Author         = {Arkin, R.},
  Title          = {Behavior-{B}ased {R}obotics},
  Publisher      = {Cambridge, MA: MIT Press.},
  year           = 1988
}

@Article{CCOS06,
  Author         = {{C. Camargo} and {O. Sanchez}},
  Title          = {Linux embebido como herramienta para realizar
                   reconfiguraci\'on parcial},
  Journal        = {XII Workshop Iberchip},
  year           = 2006
}

@Misc{MCBK08,
  Author         = {{M. Cockerill} and {B. Knols}},
  Title          = {Open {A}ccess to {R}esearch for the {D}eveloping
                   {W}orld. {I}ssues in {S}cience and {T}echnology},
  HowPublished   = {Issues in Science and Technology. URL:
                   http://www.issues.org/24.2/cockerill.html},
  year           = 2008
}

@PhdThesis{AB94,
  Author         = {{A. Berlin}},
  Title          = {Towards {I}ntelligent {S}tructures: {A}ctive {C}ontrol
                   of {B}ucling},
  School         = {MIT. Department of Electrical Engineering and Computer
                   Science},
  month          = may,
  year           = 1994
}

@Article{Bro86,
  Author         = {Brooks, R.},
  Title          = {A {R}obust {L}ayered {C}ontrol {S}ystem for a {M}obile
                   {R}obot.},
  Journal        = {IEEE Journal of Robotics and Automation},
  year           = 1986
}

@Article{ST92,
  Author         = {{Sandler Todd}},
  Title          = {Collective {A}ction: {T}heory and {A}pplications},
  Journal        = {Ann Arbor: University of Michigan Press},
  year           = 1992
}

@Book{VG78,
  Editor         = {{V. Gigch}},
  Title          = {Applied {G}eneral {S}ystem {T}heory},
  Publisher      = {Harper \& Row},
  year           = 1978
}

@Article{MMDG04,
  Author         = {Meinzen-Dick, Ruth and {Monica Di Gregorio} and {Nancy
                   McCarthy}},
  Title          = {Methods for {S}tudying {C}ollective {A}ction in
                   {R}ural {D}evelopment},
  Journal        = {CAPRi Working Paper, no. 33. International Food Policy
                   Research Institute, 2033 K Street, N.W., Washington, DC
                   20006. http://www.capri.cgiar.org/pdf/capriwp33.pd},
  year           = 2004
}

@Article{CMCfMR04,
  Author         = {{R. LeGrand}},
  Title          = {Closed-{L}oop {M}otion {C}ontrol for {M}obile
                   {R}obotics},
  Journal        = {Embedded Programming - Circuit Cellar},
  Volume         = {169},
  month          = aug,
  year           = 2004
}

@Article{Pir00,
  Author         = {Pirjanian, P.},
  Title          = {Multiple {O}bjective {B}ehavior-based {C}ontrol.},
  Journal        = {Robotics and Autonomous Systems 31},
  year           = 2000
}

@Article{TUTF,
  Author         = {{Tsuyoshi UEYAMA} and {Toshio FUKUDA}},
  Title          = {Self-organization of {C}ellular {R}obots using
                   {R}andom {W}alk with {S}imple {R}ules}
}

@InBook{MHLS99,
  Author         = {{M. Huhns} and {L. Stephens}},
  Title          = {Multi {A}gent {S}ystems: {A} {M}odern {A}pproach to
                   {A}rtificial {I}ntelligence},
  Chapter        = {2},
  Publisher      = {The MIT Press},
  year           = 1999
}

@Article{MRT04,
  Author         = {{P Mohr} and {N Ryan} and {J. Timmis}},
  Title          = {Exploiting {I}mmunological {P}roperties for
                   {U}biqitous {C}omputing {S}ystems},
  Journal        = {ICARIS 2004},
  month          = sep,
  year           = 2004
}

@MastersThesis{MB05,
  Author         = {{M. Broxton}},
  Title          = {Localization and {S}ensing {A}pplications in the
                   {P}ushpin {C}omputing {N}etwork},
  School         = {MIT Media Lab},
  month          = jan,
  year           = 2005
}

@Article{RV07,
  Author         = {{R. Vallarta}},
  Title          = {Open{B}locks : an extendable framework for graphical
                   block programming systems.},
  Journal        = {MIT},
  year           = 2007
}

@Article{TKYI+05,
  Author         = {{Tanaka K} and {Yo Ishigaki} and {Inoue H} and {Itoh
                   M}},
  Title          = {Safety monitoring system by autonomous mobile sensors
                   utilizing pheromone communication},
  Journal        = {Proceedings of the International Conference on
                   Computational Intelligence for Modelling, Control and
                   Automation; International Conference on Intelligent
                   Agents, Web Technologies and Internet Commerce},
  year           = 2005
}

@Misc{CL84,
  Author         = {{C. Langton}},
  Title          = {Self-{R}eproduction in {C}ellular automata},
  HowPublished   = {Physica D, 10:135-144},
  year           = 1984
}

@Article{ECJM+09,
  Author         = {{E. Crawley} and {J. Malmqvist} and {D. Brodeur} and
                   {B. Lucas}},
  Title          = {C{DIO} {S}yllabus, {L}eadership and {E}ntrepreneurship},
  Journal        = {5th International CDIO conference},
  year           = 2009
}

@Article{ICCC06,
  Author         = {{I. Castillo} and {C. Camargo} and {C. Perez}},
  Title          = {Automatizaci\'on de un puente gr\'ua a escala,
                   mediante una plataforma embebida la cual soporta
                   multiprogramaci\'on},
  Journal        = {XII Workshop Iberchip},
  year           = 2006
}

@Book{VWJ+03,
  Author         = {{Van Wendel} and Joode, R. and {J. A. de Bruijn} and
                   {M. J. G. van Eeten}},
  Title          = {Protecting the {V}irtual {C}ommons:
                   {S}elf-{O}rganizing {O}pen {S}ource and {F}ree
                   {S}oftware {C}ommunities and {I}nnovative
                   {I}ntellectual {P}roperty {R}egimes.},
  Publisher      = {Asser Press},
  journal        = {The Hague: Asser Press.},
  year           = 2003
}

@Misc{MSES+96,
  Author         = {{M. Sipper} and {E. Sanchez} and {D. Mange} and {M.
                   Tomassini} and {A. P\'erez-Uribe} and {A. Stauffer}},
  Title          = {The {POE} {M}odel of {B}io-{I}nspired {H}ardware
                   {S}ystems},
  HowPublished   = {http://www.cs.bgu.ac.il/~sipper/poe.html},
  year           = 1996
}

@Article{CC06b,
  Author         = {{C. Camargo}},
  Title          = {Linux como herramienta de {D}esarrollo de {S}istemas
                   {E}mbebidos},
  Journal        = {XII Workshop de Iberchip, San Jose},
  year           = 2006
}

@Article{VPSB04,
  Author         = {{V. Parunak} and {S. Brueckner} and {J. Sauter}},
  Title          = {Digital {P}heromones for {C}oordination of {U}nmanned
                   {V}ehicles},
  Journal        = {Workshop on Environments for Multi-agent Systems},
  year           = 2004
}

@Article{UNE,
  Author         = {UNESCO-Uruguay},
  Title          = {Rasgos {P}rincipales de la {I}nstitucionalizaci\'on de
                   la {C}iencia, la {T}ecnolog\'{\i}a y la {I}nnovaci\'on
                   en {A}m\'erica {L}atina y el {C}aribe y {T}endencias de
                   la {C}ooperaci\'on {I}nternacional},
  Journal        = {http://www.unesco.org.uy/}
}

@Book{KYJM+08,
  Author         = {{Karim Yaghmour} and {Jon Masters} and {Gilad
                   Ben-Yossef} and {Philippe Gerum}},
  Title          = {Building {E}mbedded {L}inux {S}ystems},
  Publisher      = {O'REILLY},
  year           = 2008
}

@Misc{DC97,
  Author         = {{D. Coore}},
  Title          = {Establishing a {C}oordinate {S}ystem on an {A}morphous
                   {C}omputer},
  HowPublished   = {http://swiss.ai.mit.edu/projects/amorphous},
  year           = 1997
}

@Article{JLXJ,
  Author         = {{Jiming Liu} and {Xiaolong Jin} and {Kwok Ching Tsui}},
  Title          = {Autonomy-{O}riented {C}omputing ({AOC}):{F}ormulating
                   {C}omputational {S}ystems {W}ith {A}utonomous
                   {C}omponents}
}

@Article{KLAM04,
  Author         = {{K. Lerman} and {A. Martinoli} and {A. Galstyan}},
  Title          = {A review of probabilistic macroscopic models for swarm
                   robotic systems},
  Journal        = {Proceedings of the International Conference on the
                   Simulation of Adaptive Behavior},
  month          = aug,
  year           = 2004
}

@Book{Mok90,
  Author         = {Mokyr, Joel},
  Title          = {The {L}ever of {R}iches, {T}echnological {C}reativity
                   and {E}conomic {P}rogress.},
  Publisher      = {Oxford University Press},
  year           = 1990
}

@InBook{APaET03,
  Author         = {{A. Purhonen and E. Tuulari}},
  Editor         = {T. Basten, {M. Geilen and H. de Groot}},
  Title          = {Ambient {I}ntelligence and the {D}evelopment of
                   {E}mbedded {S}ystem {S}oftware},
  Pages          = {51 - 66},
  Publisher      = {Kluwer Academic Publishers},
  year           = 2003
}

@Book{FGYL+04,
  Author         = {{F. Gruau} and {Y. Lhuiller} and {P. Reitz} and {O.
                   Temam}},
  Title          = {Blob {C}omputing},
  Publisher      = {Computing Frontiers 2004 ACM SIGMicro},
  year           = 2004
}

@Article{HSL+04,
  Author         = {Hearn, Gregory N. and Simpson, Lynette E. and Lennie,
                   June and Kimber, Megan P.},
  Title          = {I{CT}s and regional sustainability: {A} critique and a
                   way forward},
  Journal        = {Community Informatics Research Network Conference and
                   Colloquium 2004: Sustainability and community
                   technology},
  year           = 2004
}

@Book{JVN66,
  Author         = {{J. Von Neumann}},
  Title          = {Theory of {S}elf-{R}eproducing {A}utomata.},
  Publisher      = {University of Illinois Press. Edited and completed by
                   A. W. Burks},
  year           = 1966
}

@Article{MW93,
  Author         = {{M. Weiser}},
  Title          = {Some computer science issues in ubiquitous computing},
  Journal        = {Commun. ACM},
  year           = 1993
}

@Book{CH06,
  Author         = {{C. Hallinan}},
  Title          = {Embedded {L}inux {P}remiere {A} {P}ractical
                   {R}eal-{W}orld {A}pproach},
  Publisher      = {Prentice Hall},
  month          = {18 } # sep,
  year           = 2006
}

@Book{Holl90,
  Author         = {{B. Holldobler} and {E. Wilson}},
  Title          = {The Ants},
  Publisher      = {Springer-Verlag},
  year           = 1990
}

@MastersThesis{JL02,
  Author         = {{J. Lifton}},
  Title          = {Pushpin {C}omputing: a {P}latform for {D}istributed
                   {S}ensor {N}etworks},
  School         = {Massachusetts Institute of Technology},
  month          = sep,
  year           = 2002
}

@InBook{EA01,
  Author         = {{E. Arts} and {R. Harwing} and {M. Schuurmans}},
  Editor         = {{J. Denning}},
  Title          = {Ambient {I}ntelligence},
  Pages          = {235-250},
  Publisher      = {McGraw-Hill},
  year           = 2001
}

@Article{Don95,
  Author         = {Donald, B.},
  Title          = {Information {I}nvariants in {R}obotics},
  Journal        = {Artificial Intelligence 72},
  year           = 1995
}

@Article{JH09,
  Author         = {{Jon Hall}},
  Title          = {P{OR} {GRANDES} {QUE} {SEAN}...: {ASEGURE} {EL}
                   {FUTURO} {DE} {SU} {NEGOCIO}},
  Journal        = {Linux magazine,},
  Volume         = {ISSN 1576-4079},
  Number         = {58},
  Pages          = {92},
  year           = 2009
}

@Article{KLAG03,
  Author         = {{Kristina Lerman} and {Aram Galstyan}},
  Title          = {Agent {M}emory and {A}daptation in {M}ulti-{A}gent
                   {S}ystems.},
  Journal        = {Proceedings of the International Conference on
                   Autonomous Agents and Multi-Agent Systems},
  month          = jul,
  year           = 2003
}

@Article{JQYP08,
  Author         = {{J. Quiza} and {Y. Parra}},
  Title          = {An\'alisis de {P}atentes y {A}rt\'{\i}culos en
                   {A}plicaciones de {M}icrocontroladores en {C}ontrol e
                   {I}nstrumentaci\'on.},
  Journal        = {I Congreso Internacional de Gesti\'on Tecnol\'ogica e
                   Innovaci\'on.},
  year           = 2008
}

@Article{MMZF05,
  Author         = {{Mamei M} and {Zambonelli F}},
  Title          = {Physical deployment of digital pheromones through
                   {RFID} technology},
  Journal        = {Swarm Intelligence Symposium},
  year           = 2005
}

@Article{CC05,
  Author         = {{C. Camargo}},
  Title          = {Implementaci\'on de {S}istemas {D}igitales {C}omplejos
                   {U}tilizando {S}istemas {E}mbebidos},
  Journal        = {Memorias del XI Workshop de Iberchip ISBN
                   959-261-105-X},
  year           = 2005
}

@Article{Kur99,
  Author         = {D. Kurabayashi},
  Title          = { {T}oward {R}ealization of {C}ollective {I}ntelligence
                   and {E}mergent {R}obotics},
  Journal        = {Proceedings of IEEE International Conference on
                   Systems, Man, and Cybernetics},
  year           = 1999
}

@Article{SS02,
  Author         = {S. Sathyanath, F. Sahin},
  Title          = {A{ISIMAM} - {A}n {A}rtificial {I}mmune {S}ystem
                   {B}ased {I}ntelligent {M}ulti-{A}gent {M}odel and its
                   {A}pplication to a {M}ine {D}etection},
  Journal        = {ICARIS 2002},
  month          = sep,
  year           = 2002
}

@Article{BC86,
  Author         = {Brooks, R. and Connell, J},
  Title          = {Asynchronous {D}istributed {C}ontrol {S}ystems for a
                   {M}obile {R}obot},
  Journal        = {In Proceedings of SPIE's Cambridge Symposium on
                   Optical and Optoelectronic Engineering. Cambridge, MA},
  year           = 1986
}

@Misc{HLSIM,
  Author         = {MIT},
  Title          = {H{LSIM} - {T}he {H}igh {L}evel {S}imulator},
  HowPublished   = {http://swiss.ai.mit.edu/prouects/amorphous}
}

@Article{EM75,
  Author         = {{E. Mansfield}},
  Title          = {International technological transfer: {F}orms,
                   {R}esource {R}equirements, and {P}olicies},
  Journal        = {American Economic Review, Paper and Proceedings},
  year           = 1975
}

@Article{MMQR06,
  Author         = {{Mamei M} and {Quaglieri R} and {Zambonelli F.}},
  Title          = {Making tuple space physical with {RFID} tags},
  Journal        = {Proceedings of ACM Symposium on Applied Computing},
  year           = 2006
}

@Article{HM99,
  Author         = {Holland, O. and Melhuish, C.},
  Title          = {Stigmergy, {S}elf-organization, and {S}orting in
                   {C}ollective {R}obotics.},
  Journal        = {Artificial Life 5},
  year           = 1999
}

@Article{RJSB+98,
  Author         = {{R. Jackman} and {S. Brittain} and {M. Prentiss} and
                   {G. Whitesides}},
  Title          = {Design and {F}abrication of topologically {C}omplex,
                   {T}hree-{D}imensional {M}icrostructures},
  Journal        = {Science},
  year           = 1998
}

@Misc{BG,
  Author         = {{Bill Gatliff}},
  Title          = {Porting and {U}sing {N}ewlib in {E}mbedded {S}ystems},
  HowPublished   = {http://venus.billgatliff.com/node/3}
}

@Article{SKAA02,
  Author         = {{Sanza Kazadi} and {A. Abdul-Khaliq} and {Ron
                   Goodman.}},
  Title          = {On the convergence of puck clustering systems.},
  Journal        = {Robotics and Autonomous Systems, 38(2):93-117},
  year           = 2002
}

@Article{EO92,
  Author         = {{E. OSTROM}},
  Title          = {The {R}udments of a theory of the {O}rigins,
                   {S}urvival, and {P}erformance of {C}ommon-{P}roperty
                   {I}nstitutions},
  Journal        = {BROMLEY, D.W. et al. (eds.) Making the Commons Work:
                   Theory, Practice, and Policy. San Francisco, CA: ICS
                   Press},
  year           = 1992
}

@Article{CC11f,
  Author         = {{C. Camargo}},
  Title          = {P{LATAFORMAS} {ABIERTAS} {HARDWARE}/{SOFTWARE} {PARA}
                   {APLICACIONES} {EN} {ROBOTICA}},
  Journal        = {V Congreso Internacional de Ingenier\'{\i}a Mec\'anica
                   y III de Ingenier\'{\i}a Mecatr\'onica (por publicar)},
  year           = 2011
}

@Article{MFA92,
  Author         = {{Mussa-Ivaldi F. A.} and Giszter, S.},
  Title          = {Vector field approximation: a computational paradigm
                   for motor control and learning},
  Journal        = {Biological Cybernetics 67},
  year           = 1992
}

@Article{MR96,
  Author         = {{M. Resnick}},
  Title          = {Starlogo: {A}n {E}nvironment for {D}ecentralized
                   {M}odeling and {D}ecentralized {T}hinking.},
  Journal        = {Conference Companion on Human Factors in Computing
                   Systems. New York, NY, USA: ACM Press.},
  year           = 1996
}

@InBook{DGMJM02,
  Author         = {{Dani Goldberg} and {Maja J Mataric.}},
  Editor         = {{Tucker Balch} and {Lynne E. Parker}},
  Title          = {Robot {T}eams: {F}rom {D}iversity to {P}olymorphism},
  Chapter        = {Design and evaluation of robust behavior-based
                   controllers for distributed multi-robot collection
                   tasks.},
  Publisher      = {AK Peters},
  year           = 2002
}

@Article{JSCC04c,
  Author         = {{J. Sep\'ulveda} and {C. Camargo} and {S. Bolivar}},
  Title          = {Metodolog\'{\i}a de {I}mplementaci\'on de
                   {A}ut\'omatas {C}elulares en {FPGA}},
  Journal        = {Memorias del X Workshop de Iberchip ISBN 959-261-105-X},
  year           = 2004
}

@TechReport{AAJL01,
  Author         = {{A. Avizienis} and {J. Laprie} and {B. Randell}},
  Title          = {Fundamental {C}oncepts of {D}ependability},
  Institution    = {UCLA, LAAS, Newcastle University},
  year           = 2001
}

@Misc{Mot,
  Author         = {Motorola},
  Title          = {M{OTODEV} {P}roject},
  HowPublished   = {URL:
                   http://developer.motorola.com/platforms/mobile-linux/}
}

@Misc{SAS03,
  Author         = {Schweik, C. M and {A. Semenov}},
  Title          = {The {I}nstitutional {D}esign of '{O}pen {S}ource'
                   {P}rogramming: {I}mplications for {A}ddressing
                   {C}omplex {P}ublic {P}olicy and {M}anagement {P}roblems},
  HowPublished   = {URL:
                   http://www.firstmonday.org/issues/issue8\_1/schweik/},
  year           = 2003
}

@PhdThesis{AM99,
  Author         = {{A. Martinoli}},
  Title          = {Swarm {I}ntelligence in {A}utonomous {C}ollective
                   {R}obotics: {F}rom {T}ools to the {A}nalysis and
                   {S}ynthesis of {D}istributed {C}ontrol {S}trategies},
  School         = {EPFL},
  year           = 1999
}

@Article{JEFS05,
  Author         = {{J. Espinosa} and {F. Segura} and {C. Camargo}},
  Title          = {Evoluci\'on de un {A}rreglo de {C}\'elulas
                   {U}tilizando {A}lgoritmos {G}en\'eticos},
  Journal        = {Memorias del XI Workshop de Iberchip ISBN
                   959-261-105-X},
  year           = 2005
}

@InBook{BAH88,
  Author         = {{Bernardo A. Huberman} and {Tad Hogg. In}, editor},
  Editor         = {{B. A. Huberman}},
  Title          = {The {E}cology of {C}omputation},
  Chapter        = {The behavior of computational ecologies.},
  Publisher      = {Amsterdam, Elsevier (North-Holland).},
  year           = 1988
}

@InProceedings{WBaVB,
  Author         = {{W. Buttera and V. Bove}},
  Title          = {Literally embedded processors},
  BookTitle      = {S{PIE} {M}edia {P}rocessors},
  year           = 2001
}

@Article{KSMS+,
  Author         = {{Ken Sugawara} and {Masaki Sano} and {Ikuo Yoshihara}
                   and {K. Abe.}},
  Title          = {Cooperative behavior of interacting robots.},
  Journal        = {Artificial Life and Robotics, 2}
}

@PhdThesis{CT04,
  Author         = {{C. Teuscher}},
  Title          = {Amorphous {M}embrane {B}lending: {F}rom {R}egular to
                   {I}rregular {C}ellular {C}omputing {M}achines},
  School         = {\'Ecole Polytechnique F\'ed\'erale de Lausanne},
  year           = 2004
}

@Article{Jol77,
  Author         = {Jolly, James A.},
  Title          = {The {T}echnology {T}ransfer {P}rocess: {C}oncepts,
                   {F}ramework and {M}ethodology.},
  Journal        = {The Journal of Technology Transfer. Springer},
  year           = 1977
}

@Misc{BBCM01,
  Author         = {{B. Bonabeau C. Meyer}},
  Title          = {Swarm {I}ntelligence: {A} whole new way to think about
                   business},
  HowPublished   = {Harvard Business Review},
  year           = 2001
}

@Book{FB97,
  Author         = {F. Balarin, M. Chiodo, P. Gisto},
  Title          = {Hardware-{S}oftawre {C}o-{D}esign of {E}mbedded
                   {S}ystems},
  Publisher      = {Klewer Academic Publishers},
  year           = 1997
}

@Article{Mat95,
  Author         = {Mataric, M.},
  Title          = {Designing and {U}nderstanding {A}daptive {G}roup
                   {B}ehavior.},
  Journal        = {Adaptive Behavior 4},
  year           = 1995
}

@Article{CC08b,
  Author         = {{C. Camargo}},
  Title          = {E{CBOT}: {A}rquitectura {A}bierta para {R}obots
                   {M}\'obiles},
  Journal        = {VII conferencia Iberoamericana en Sistemas,
                   Cibern\'etica e Inform\'atica},
  year           = 2008
}

@Article{ST02,
  Author         = {S. Thayer, S. Singh},
  Title          = {Development of an {I}mmunology-{B}ased {M}ulti-{R}obot
                   {C}oordination {A}lgorithm for exploration and
                   {M}apping {D}omains},
  Journal        = {IROS 2002: IEEE/RSJ International Conference on
                   Intelegent Robots and Systems},
  year           = 2002
}

@Article{LG03,
  Author         = {Lerman, K. and Galstyan, A.},
  Title          = {Macroscopic {A}nalysis of {A}daptive {T}ask
                   {A}llocation in {R}obots.},
  Journal        = {Proceedings of the IEEE/RSC International Conference
                   on Intelligent Robots and Systems. Las Vegas, Nevada},
  year           = 2003
}

@Article{AT99,
  Author         = {{A. Tyrrell}},
  Title          = {Computer {K}now {T}hy {S}elf: {A} {B}iological {W}ay
                   to {L}ook at {F}ault {T}olerance},
  Journal        = {2nd Euromicro/IEEE workshop on Dependable Computing
                   Systems},
  year           = 1999
}

@Misc{entry-0b,
  Author         = {EPFL},
  Title          = {{e}-puck {EPFL} education robot},
  HowPublished   = {http://www.e-puck.org/}
}

@Book{ARC98,
  Author         = {{Arkin R. C.}},
  Title          = {Behavior-{B}ased {R}obotics},
  Publisher      = {The MIT press, Cambridge, MA},
  year           = 1998
}

@Article{MWMJ95,
  Author         = {{M. Wooldridge} and {M. Jennings}},
  Title          = {Intelligent {A}gents: {T}heory and {P}ractice},
  Journal        = {The Knowledge Engineering Review},
  year           = 1995
}

@Misc{GGR02,
  Author         = {Ghosh, R. A. and {G. Robles} and {R. Glott.}},
  Title          = {Free/{L}ibre and {O}pen {S}ource {S}oftware: {S}urvey
                   and {S}tudy. {T}echnical report {U}niversity of
                   {M}aastricht, {T}he {N}etherlands: {I}nternational
                   {I}nstitute of {I}nfonomics},
  HowPublished   = {URL: http://www.infonomics.nl/FLOSS/report/index.htm},
  year           = 2002
}

@Article{MO91,
  Author         = {{M. Odedra}},
  Title          = {Information {T}echnology {T}ransfer to {D}eveloping
                   {C}ountries {I}s it really taking place?},
  Journal        = {The 4th IFIF.TC9 International Conference on Human
                   Choice and Computers, North Holland, Amsterdam,
                   Netherlands, HCC 4 held jointly with the CEC FAST
                   Programme.},
  year           = 1991
}

@Article{Mat97,
  Author         = {Mataric, M.},
  Title          = {Behavior-{B}ased {C}ontrol: {E}xamples from
                   {N}avigation, {L}earning, and {G}roup {B}ehavior},
  Journal        = {Journal of Experimental and Theoretical Artificial
                   Intelligence, special issue on Software Architectures
                   for Physical Agents Hexmoor, H., Horswill, I., and
                   Kortenkamp, D., eds},
  year           = 1997
}

@Article{ETPoSSI(09,
  Author         = {{European Technology Platform on Smart Sistem
                   Integration (EPoSS)}},
  Title          = {European {T}echnology {P}latform on {S}mart {S}ystems
                   {I}ntegration. {S}trategic {R}esearch {A}genda 2009},
  year           = 2009
}

@Article{Mat95b,
  Author         = {Mataric, M.},
  Title          = {Issues and {A}pproaches in the {D}esign of
                   {C}ollective {A}utonomous {A}gents.},
  Journal        = {Robotics and Autonomous Systems 16(2-4)},
  year           = 1995
}

@Article{PHVD97,
  Author         = {{Panurak H V D}},
  Title          = {Go to the ant},
  Journal        = {Engineering principles for natural multi-agent
                   systems. Annals of Operations Research},
  year           = 1997
}

@Article{WM91,
  Author         = {{Mark Weiser}},
  Title          = {The {C}omputer for the 21st {C}entury},
  Journal        = {http://www.ubiq.com/hy\'ertext/weiser/SciAmDraft3.html}
}

@PhdThesis{WB02,
  Author         = {{W. Butera}},
  Title          = {Programming a {P}aintable {C}omputing},
  School         = {Massachusetts Institute of Technology},
  month          = feb,
  year           = 2002
}

@PhdThesis{Cor05,
  Author         = {{Luis Alejandro Cort\'es}},
  Title          = {Verification and {S}cheduling {T}echniques for
                   {R}eal-{T}ime {E}mbedded {S}ystems},
  School         = {Link\"opings universitet Institute of Technology},
  publisher      = {UniTryck},
  year           = 2005
}

@Article{WAAM02,
  Author         = {{William Agassounon} and {Alcherio Martinoli}},
  Title          = {A macroscopic model of an aggregation experiment using
                   embodied agents in groups of time-varying sizes.},
  Journal        = {Proc. of the IEEE Conf. on System, man and Cybernetics
                   SMC-02, Hammamet, Tunisia.},
  month          = oct,
  year           = 2002
}

@PhdThesis{DC99,
  Author         = {{D. Coore}},
  Title          = {Botanical {C}omputing: {A} {D}evelopmental {A}pproach
                   to {G}enerating {I}nterconnected {T}opologies on an
                   {A}morphous {C}omputer},
  School         = {Massachusetss Institute of Technology},
  year           = 1999
}

@Book{DMMT98,
  Author         = {{D. Mange} and {M. Tomassini}},
  Editor         = {{D. Mange} and {M. Tomassini}},
  Title          = {Bio-inspired {C}omputing {M}achines: {T}owards {N}ovel
                   {C}omputational {A}rchitectures},
  Publisher      = {Presses Polytechniques et Universitaires Romandes,
                   Lausanne, Switzerland},
  year           = 1998
}

@Article{Gat98,
  Author         = {Gat, E.},
  Title          = {On {T}hree-{L}ayer {A}rchitectures},
  Journal        = {In Artificial Intelligence and Mobile Robotics, AAAI
                   Press},
  year           = 1998
}

@PhdThesis{AMPt99,
  Author         = {{A. Martinoli} and PhD thesis, PhD Thesis No 2069,
                   EPFL},
  Title          = {Swarm {I}ntelligence in {A}utonomous {C}ollective
                   {R}obotics: {F}rom {T}ools to the {A}nalysis and
                   {S}ynthesis of {D}istributed {C}ontrol {S}trategies.},
  School         = {PhD Thesis No 2069, EPFL},
  year           = 1999
}

@Book{MDBU93,
  Author         = {{McFarland D.} and {Bosser U.}},
  Title          = {Intelligent {B}ehavior in {A}nimals and {R}obots},
  Publisher      = {MIT Press, Cambridge, MA},
  year           = 1993
}

@Article{FM02,
  Author         = {Fredslund, J. and Mataric, M.},
  Title          = {A {G}eneral, {L}ocal {A}lgorithm for {R}obot
                   {F}ormations.},
  Journal        = {IEEE Transactions on Robotics and Automation, Special
                   Issue on Multi- Robot Systems 18},
  year           = 2002
}

@Article{DCRN97,
  Author         = {{D. Coore} and {R. Nagpal} and {R. Weiss}},
  Title          = {Paradigm for {S}tructure in an {A}morphous {C}omputer},
  Journal        = {AI Memo No. 1614,
                   http://www.swiss.ai.nit.edu/projects/amorphous},
  month          = oct,
  year           = 1997
}

@Article{CCCP+11,
  Author         = {{C. Camargo} and {C. Pedraza} and {L. Ni\~no} and {J.
                   Martinez}},
  Title          = {Intrinsic {E}volvable {H}ardware for {C}ombinatorial
                   {S}ynthesis {B}ased on {S}o{C}+{FPGA} and {GPU}
                   {P}latforms},
  Journal        = {Genetic Evolutionary Computation Conference},
  year           = 2011
}

@Article{GM(.I.W01,
  Author         = {Gerkey, B. and Mataric, M. and (2001). . In . Waikiki,
                   Hawaii, pp. 341-352.},
  Title          = {Principled {C}ommunication for {D}ynamic {M}ulti-
                   {R}obot {T}ask {A}llocation},
  Journal        = {Proceedings International Symposium on Experimental
                   Robotics 2000, Waikiki, Hawaii},
  year           = 2001
}

@Article{CC07,
  Author         = {{C. Camargo}},
  Title          = {E{CBOT}: {A}rquitectura {A}bierta para {R}obots
                   {M}\'oviles},
  Journal        = {IEEE Colombian Workshop on Circuits and Systems},
  year           = 2007
}

@PhdThesis{CVJ05,
  Author         = {{Chris V. Jones}},
  Title          = {A {P}rincipled {D}esign {M}ethodology for {M}inimalist
                   {M}ulti-{R}obot {S}ystem {C}ontrollers},
  School         = {FACULTY OF THE GRADUATE SCHOOL UNIVERSITY OF SOUTHERN
                   CALIFORNIA},
  month          = aug,
  year           = 2005
}

@Article{LG02,
  Author         = {Lerman, K. and Galstyan, A.},
  Title          = {Mathematical {M}odel of {F}oraging in a {G}roup of
                   {R}obots: {E}ffects of {I}nterference},
  Journal        = {Autonomous Robots 13},
  year           = 2002
}

@TechReport{WH93,
  Author         = {W. Heimerdinger, C. Weinstock},
  Title          = {A {C}onceptual {F}ramework for {S}ystem {F}ault
                   {T}olerance},
  Institution    = {CMU/SEI-92-TR-033},
  year           = 1992
}

@TechReport{DP93,
  Author         = {{David Powell}},
  Title          = {Distributed {F}ault {T}olerance {L}essons {L}earnt
                   from {D}elta-4},
  Institution    = {LAAS-CNRS\#93192},
  journal        = {Workshop on Fault-Tolerant Architectures},
  year           = 1993
}

@Article{MIM99,
  Author         = {Martinoli, A. and Ijspeert, A. and Mondada, F},
  Title          = {Understanding {C}ollective {A}ggregation {M}echanisms:
                   {F}rom {P}robabilistic {M}odeling to {E}xperiments with
                   {R}eal {R}obots},
  Journal        = {Robotics and Autonomous Systems},
  year           = 1999
}

@Article{CFK97b,
  Author         = {Cao, Y. and Fukunaga, A. and Kahng, A.},
  Title          = {Cooperative {M}obile {R}obotics: {A}ntecedents and
                   {D}irections},
  Journal        = {Autonomous Robots 4},
  year           = 1997
}

@Article{CVJ03,
  Author         = {{Chris V. Jones} and {Maja J Mataric.}},
  Title          = {Adaptive task allocation in large-scale multi-robot
                   systems},
  Journal        = {Proceedings of the IEEE International Conference on
                   Intelligent Robots and Systems Las Vegas, NV},
  year           = 2003
}

@PhdThesis{MJM94,
  Author         = {{Maja J Mataric}},
  Title          = {Interaction and {I}ntelligent {B}ehavior},
  School         = {MASSACHUSETTS INSTITUTE OF TECHNOLOGY},
  month          = may,
  year           = 1994
}

@TechReport{Col05,
  Author         = {Colciencias},
  Title          = {Plan {E}strat\'egico del {P}rograma {N}acional de
                   {D}esarrollo {T}ecnol\'ogico {I}ndustrial y {C}alidad
                   2005 - 2015},
  Institution    = {Colciencias},
  year           = 2005
}

@InProceedings{FGPM02,
  Author         = {{F. Gruau} and {P. Malbos}},
  Title          = {The {B}lob: {A} {B}asic {T}opological {C}oncept for
                   {H}ardware-free {D}istributed {C}omputation},
  BookTitle      = {Unconventional {M}odels of {C}omputation, {T}hird
                   {I}nternational {C}onference, {UMC} 2002},
  Editor         = {{C. Calude} and {M. Dinneen} and {F. Peper}},
  Volume         = {2509},
  Series         = {Lecture Notes in Computer Science},
  Pages          = {151--163},
  Publisher      = {Springer},
  chapter        = {The Blob: A Basic Topological Concept for
                   Hardware-free Distributed Computation},
  year           = 2002
}

@InBook{PRGJ,
  Author         = {{P. Raven} and {G. Johnson}},
  Title          = {Biology},
  Chapter        = {50 The Immune System},
  Publisher      = {Mc Graw Hill}
}

@PhdThesis{EP04,
  Author         = {{E. Petraglio}},
  Title          = {Fault {T}olerant {S}elf-{R}eplication {S}ystems},
  School         = {\'Ecole Polytechnique F\'ed\'erale de Lausanne},
  year           = 2004
}

@MastersThesis{JS02,
  Author         = {{J. Silber}},
  Title          = {A cooperative {C}ommunication {P}rotocol for
                   {W}ireless {A}d-hoc {N}etworks},
  School         = {Massachusetss Institute of Technology},
  month          = jun,
  year           = 2002
}

@Misc{IB98,
  Author         = {{I. Bowman}},
  Title          = {Conceptual {A}rchitecture of the {L}inux {K}ernel},
  HowPublished   = {http://docs.huihoo.com/linux/kernel/a1/},
  year           = 1998
}

@Book{CHEO06,
  Editor         = {{Charlotte Hess} and {Elinor Ostrom}},
  Title          = {Understanding {K}nowledge as a {C}ommons: {F}rom
                   {T}heory to {P}ractice},
  Publisher      = {The MIT Press},
  month          = dec,
  year           = 2006
}

@Article{EFC01,
  Author         = {{Edward F. Crawley}},
  Title          = {The {CDIO} {S}yllabus {A} {S}tatement of {G}oals for
                   {U}ndergraduate {E}ngineering {E}ducation},
  Journal        = {URL:http://www.cdio.org},
  year           = 2001
}

@Article{BPG,
  Author         = {{Brian P. Gerkey} and {Maja J. Mataric.}},
  Title          = {A formal analysis and taxonomy of task allocation in
                   multi-robot systems.},
  Journal        = {International journal of robotics research, 23(9)}
}

@Book{BETG94,
  Author         = {{Bonabeau E.} and {Theraulaz G}},
  Title          = {Intelligence {C}ollective},
  Publisher      = {Hermes, Paris, France},
  year           = 1994
}

@InProceedings{FGPM02b,
  Author         = {{F. Gruau.} and {P. Malbos.}},
  Title          = {The Blob: A Basic Topological Concept for
                   Hardware-free Distributed Computation},
  BookTitle      = {Unconventional Models of Computation, Third
                   International Conference, UMC 2002, Kobe, Japan,
                   October 15-19, 2002, Proceedings},
  Editor         = {Cristian Calude and Michael J. Dinneen and Ferdinand
                   Peper},
  Volume         = {2509},
  Series         = {Lecture Notes in Computer Science},
  Pages          = {151--163},
  Publisher      = {Springer},
  year           = 2002
}

@PhdThesis{CO00,
  Author         = {{C. Ortega-Sanchez}},
  Title          = {Embryonics: a {B}io-{I}nspired {F}ault-{T}olerant
                   {M}ulticellular {S}ystem},
  School         = {The University of York},
  month          = may,
  year           = 2000
}

@TechReport{DZSC+07,
  Author         = {{D Zuluaga} and {S Campos} and {M Tovar} and {R
                   Rodr\'{\i}guez} and {J S\'anchez} and {A Aguilera} and
                   {L Land\'{\i}nez} and {J Medina}},
  Title          = {Informe de {V}igilancia {T}ecnol\'ogica:
                   {A}plicaciones de la {E}lectr\'onica en el {S}ector
                   {A}gr\'{\i}cola},
  Institution    = {COLCIENCIAS},
  year           = 2007
}

@Article{CC09,
  Author         = {{C. Camargo}},
  Title          = {Control de {S}istemas {P}aralelos {I}nspirado en la
                   {N}aturaleza},
  Journal        = {Colombian Workshop on Circuits and Systems},
  year           = 2009
}

@Article{FPFS+05,
  Author         = {{F. Pedraza} and {F. Segura} and {C. Camargo} and {A.
                   Gauthier}},
  Title          = {Control {A}daptativo {E}mbebido},
  Journal        = {Memorias del XI workshop de Iberchip ISBN
                   959-261-105-X},
  year           = 2005
}

@Article{CC11d,
  Author         = {{C. Camargo}},
  Title          = {Metodolog\'{\i}a {P}ara la {T}ransferencia
                   {T}ecnol\'ogica en la {I}ndustria {E}lectr\'onica
                   {B}asada en {S}oftware {L}ibre y {H}ardware {C}opyleft},
  Journal        = {XVII Workshop de Iberchip, Bogot\'a Colombia},
  month          = feb,
  year           = 2011
}

@Article{JL60,
  Author         = {{J. Licklider}},
  Title          = {Man-{C}omputer {S}ymbiosis},
  Journal        = {IRE Transactions on Human Factors in Electronics},
  year           = 1960
}

@PhdThesis{GT98,
  Author         = {{G. Tempesti}},
  Title          = {A {S}elf {R}eparing {M}ultiplexer-{B}ased {FPGA}
                   {I}nspired by {B}iological {P}rocesses},
  School         = {\'Ecole Polytechnique F\'ed\'erale de Laussane},
  month          = {8 } # jul,
  year           = 1998
}

@MastersThesis{MJF05,
  Author         = {{Mesa J. F.} and {Polo A. A.}},
  Title          = {C{ONSTRUYENDO} {UN} {JINU} {DE} {LA}
                   {INFORMACI}\'{O}{N}},
  School         = {PONTIFICIA UNIVERSIDAD JAVERIANA Facultad de
                   Ingenier\'{\i}a},
  month          = feb,
  year           = 2005
}

@Book{MR94,
  Author         = {{M. Resnick}},
  Title          = {Turtles, {T}ermites and {T}raffic {J}ams
                   {E}xplorations in {M}assively {P}arallel {M}icroworlds},
  Publisher      = {The MIT Press Cambridge, Massachusetts},
  year           = 1994
}

@Article{FTUT94,
  Author         = {{Fukuda T.} and {Ueyama T.}},
  Title          = {Cellular {R}obotics and {M}icro {R}obotics {S}ystems},
  Journal        = {World Scientific Series in Robotics and Automated
                   Systems, Singapore},
  Volume         = {10},
  year           = 1994
}

@TechReport{ED00,
  Author         = {{E. D'Hondt}},
  Title          = {Exploring the {A}morphous {C}omputing {P}aradigm},
  Institution    = {VUB, Bruxelles},
  year           = 2000
}

@Article{AA97,
  Author         = {{A. Avizienis}},
  Title          = {Toward systematic design of fault tolerant systems},
  Journal        = {Computer},
  year           = 1997
}

@Article{EL94,
  Author         = {{Edelstein-Keshet L}},
  Title          = {{i}mple model for trail-following behaviour; trunk
                   trails versus individual foragers},
  Journal        = {Journal of Mathematical Biology},
  year           = 1994
}

@Article{CC11b,
  Author         = {{C. Camargo}},
  Title          = {Hardware copyleft como {H}erramienta para la
                   {E}nse\~nanza de {S}istemas {E}mbebidos},
  Journal        = {Congreso Argentino de Sistemas Embebidos CASE 2011,
                   Buenos Aires Argentina},
  month          = mar,
  year           = 2011
}

@Article{PDDM+01,
  Author         = {{Payton D} and {Daily M} and {Estowski R} and {Howard
                   M} and {Lee C}},
  Title          = {Pheromone robotics},
  Journal        = {Autonomous Robots},
  year           = 2001
}

@Misc{CC06,
  Author         = {{C. Camargo}},
  Title          = {First {C}olombian {L}inux {SBC} runs {D}ebian},
  HowPublished   = {URL:
                   http://www.linuxfordevices.com/c/a/News/First-Colombian-Linux-SBC-runs-Debian/},
  year           = 2006
}

@Article{CC11c,
  Author         = {{C. Camargo}},
  Title          = {S{IE}: {P}lataforma {H}ardware copyleft para la
                   {E}nse\~nanza de {S}istemas {D}igitales},
  Journal        = {XVII Workshop de Iberchip, Bogot\'a Colombia},
  month          = feb,
  year           = 2011
}

@Article{LV98,
  Author         = {{L. Vaccarezza}},
  Title          = {Ciencia, {T}ecnolog\'{\i}a y {S}ociedad: el estado de
                   la cuesti\'on en {A}m\'erica {L}atina},
  Journal        = {Revista Iberoamericana de Educaci\'on, No 18 -
                   Ciencia, Tecnolog\'{\i}a y Sociedad ante la Educaci\'on},
  year           = 1998
}

@Book{EO90,
  Author         = {{Elinor Ostrom}},
  Title          = {Governing the {C}ommons: {T}he {E}volution of
                   {I}nstitutions for {C}ollective {A}ction ({P}olitical
                   {E}conomy of {I}nstitutions and {D}ecisions)
                   ({P}aperback)},
  Publisher      = {Cambridge University Press},
  month          = nov,
  year           = 1990
}

@Article{Con92,
  Author         = {Connell, J.},
  Title          = {A {H}ybrid {A}rchitecture {A}pplied to {R}obot
                   {N}avigation},
  Journal        = {Proceedings IEEE Conference on Robotics and
                   Automation, Nice, France},
  year           = 1992
}

@MastersThesis{MTRR07,
  Author         = {{M. Tovar} and {R. Rodr\'{\i}guez}},
  Title          = {P{ROSPECTIVA} {Y} {VIGILANCIA} {TECNOL}\'{O}{GICA}
                   {DE} {LA} {ELECTR}\'{O}{NICA} {EN} {COLOMBIA}.},
  School         = {Universidad Nacional de Colombia},
  year           = 2007
}

@Article{KLCJ+0,
  Author         = {{Kristina Lerman} and {Chris Jones} and {Aram
                   Galstyan} and {Maja J Matar\'{\i}c}},
  Title          = {Analysis of {D}ynamic {T}ask {A}llocation in
                   {M}ulti-{R}obot {S}ystems},
  Journal        = {International Journal of Robotics Research},
  month          = mar,
  year           = 200
}

@Article{GLRBR+,
  Author         = {{G. Lazea} and {R. B. Rusu} and {R. Robotin} and {R.
                   Sime}},
  Title          = {The {Z}ee{RO} {M}obile {R}obot - {A} {M}odular
                   {A}rchitecture}
}

@Article{JQYP08b,
  Author         = {{J. Quiza} and {Y. Parra}},
  Title          = {An\'alisis de {P}atentes y {A}rt\'{\i}culos en
                   {A}plicaciones de {M}icrocontroladores en {C}ontrol e
                   {I}nstrumentaci\'on},
  Journal        = {I Congreso Internacional de Gesti\'on Tecnol\'ogica e
                   Innovaci\'on},
  year           = 2008
}

@Misc{Wikb,
  Author         = {Wikipedia},
  Title          = {Richard {S}tallman},
  HowPublished   = {URL: http://es.wikipedia.org/wiki/Richard\_Stallman}
}

@Article{NLBP92,
  Author         = {{N. Lynch} and {B. Patt-Shamir}},
  Title          = {Distributed {A}lgorithms {L}ecture {N}otes for 6.852},
  Journal        = {MIT press},
  year           = 1992
}

@Article{JLea02,
  Author         = {{J. Lifton} and {et al}},
  Title          = {Pushpin computing system overview: {A} platform for
                   distributed, embedded ubiquitous sensor networks},
  Journal        = {International Conference on Pervasive Computing},
  year           = 2002
}

@Article{KPJZ,
  Author         = {{Kamal Premaratne} and {Jinsong Zhang}},
  Title          = {Location {I}nformation-{A}ided {T}ask-{O}riented
                   {S}elf-{O}rganization of {A}d-{H}oc {S}ensor {S}ystems}
}

@Article{Mat92,
  Author         = {Mataric, M.},
  Title          = {Integration of {R}epresentation {I}nto {G}oal-{D}riven
                   {B}ehavior-{B}ased {R}obots},
  Journal        = {IEEE Transactions on Robotics and Automation 8(3)},
  year           = 1992
}

@Article{JSCC03,
  Author         = {{J. Sep\'ulveda} and {C. Camargo} and {A. Delgado}},
  Title          = {El {P}roblema {SAT}: {E}nfoque {C}omparativo con {ADN}
                   y {FPGA}},
  Journal        = {Memorias del IX Workshop de Iberchip ISBN
                   959-261-105-X},
  year           = 2003
}

@Article{DA08b,
  Author         = {{D. Aponte}},
  Title          = {Estudio de {V}igilancia {T}ecnol\'ogica en
                   {D}ispositivos {L}\'ogicos {P}rogramables {C}omplejos
                   {CPLD}},
  Journal        = {I Congreso Internacional de Gesti\'on Tecnol\'ogica e
                   Innovaci\'on},
  year           = 2008
}

@Article{FC92,
  Author         = {{Flaviu Cristian}},
  Title          = {Understanding {F}ault-{T}olerant {D}istributed
                   {S}ystems},
  Journal        = {Communications of the ACM},
  month          = jan,
  year           = 1992
}

@InBook{KLAG04,
  Author         = {{Kristina Lerman} and {Aram Galstyan}},
  Title          = {Collectives and design of complex systems},
  Chapter        = {Two Paradigms for the Design of Artificial Collectives},
  Publisher      = {Springer Verlag, New York,},
  year           = 2004
}

@Article{OBHM02,
  Author         = {{O. Babaoglu} and {H. Meling} and {A. Montresor}},
  Title          = {A {F}ramework for the {D}evelopment of {A}gent-{B}ased
                   {P}eer-to-{P}eer {S}ystems},
  Journal        = {IEEE ICDCS},
  year           = 2002
}

@TechReport{RN98b,
  Author         = {R. Nagpal, D. Coore},
  Title          = {An {A}lgorithm for group {F}ormation and {M}aximal
                   {I}ndependent {S}et in an {A}morphous {C}omputer},
  Institution    = {AI Memo 1626, MIT Artificial Intelligence Laboratory},
  month          = {16 } # feb,
  year           = 1998
}

@Misc{AG10,
  Author         = {{A. Grove}},
  Title          = {How {A}merica {C}an {C}reate {J}obs},
  HowPublished   = {http://www.businessweek.com/magazine/content/10\_28/b4186048358596.htm},
  month          = may,
  year           = 2010
}

@Book{DODM04,
  Author         = {{D. Ovalle} and {D. Mendez}},
  Title          = {Dise\~no e {I}mplementaci\'on de equipo {B}\'asico de
                   {L}aboratorio {U}tilizando {S}istemas {E}mbebidos y
                   {FPAA}s.},
  Publisher      = {Universidad Nacional de Colombia},
  year           = 2004
}

@Article{RW04,
  Author         = {{R. Want}},
  Title          = {Enabling {U}biquitous {S}ensing with {RFID}},
  Journal        = {IEEE Computer},
  year           = 2004
}

@Article{TT03,
  Author         = {T. TERADA, M. TSUKAMOTO, {* K. HAYAKAWA* and A.
                   KASHITANI}},
  Title          = {Ubiquitous {C}omputing {U}sing {R}ule-{B}ased {I}/{O}
                   {C}ontrol {D}evices},
  Journal        = {Proc. of 15th International Comference on Ubiquitous
                   Computing (UbiComp 2003)},
  month          = oct,
  year           = 2003
}

@PhdThesis{RN01,
  Author         = {{R. Nagpal}},
  Title          = {Programmeble {S}elf-{A}ssembly: {CO}nstructing
                   {G}lobal {S}hape using {B}iologically-inspired {L}ocal
                   {I}nteractions and {O}rigami {M}athematics.},
  School         = {MIT. Department of Electrical Engineering and Computer
                   Science.},
  month          = jun,
  year           = 2001
}

@Book{Sta99,
  Author         = {Stallman, R. M.},
  Editor         = {{C. DiBona} and {S. Ockman} and {M. Stone}},
  Title          = {The {GNU} {O}perating {S}ystem and the {F}ree
                   {S}oftware {M}ovement {V}oices from the {O}pen {S}ource
                   {R}evolution},
  Publisher      = {O'Reilly and Associates},
  year           = 1999
}

@Article{Her07,
  Author         = {{Herianto} and {T. Sakakibara} and {D. Kurabayashi} },
  Title          = { {A}rtificial {P}heromone {S}ystem {U}sing {RFID} for
                   {N}avigation of {A}utonomous {R}obots},
  Journal        = {Journal of Bionic Engineering, Elsevier Limited and
                   Science Press},
  year           = 2007
}

@Article{Bro91,
  Author         = {Brooks, R.},
  Title          = {Intelligence {W}ithout {R}epresentation},
  Journal        = {Artificial Intelligence 47},
  year           = 1991
}

@Misc{MLH98,
  Author         = {{Michael L. Haungs}},
  Title          = {The {E}xecutable and {L}inking {F}ormat ({ELF})},
  HowPublished   = {http://www.cs.ucdavis.edu/~haungs/paper/node1.html},
  month          = {21 } # sep,
  year           = 1998
}

@Article{KLCJ+,
  Author         = {{Kristina Lerman} and {Chris Jones} and {Aram
                   Galstyan} and {Maja J Mataric}},
  Title          = {Analysis of {D}ynamic {T}ask {A}llocation in
                   {M}ulti-{R}obot {S}ystems}
}

@Article{KGSB95,
  Author         = {{K. Goel} and {Sayers B.}},
  Title          = {Modelling {G}lobal-{O}riented {E}nergy {T}ecnology
                   {T}ransfer to {DC}s},
  Journal        = {Sixth Global Warning International Conference, San
                   Francisco},
  year           = 1995
}

@Article{DGJT+00,
  Author         = {{D. Gracias} and {J. Tien} and {T. Breen} and {C. Hsu}
                   and {G. Whitesides}},
  Title          = {Forming {E}lectrical {N}etworks in {T}hree
                   {D}imensions by {S}elf-{A}ssembly},
  Journal        = {Science},
  year           = 2000
}

@Article{AJI+01,
  Author         = {{A. J. Ijspeert} and {A. Martinoli} and {A. Billard}
                   and {L. M. Gambardella}},
  Title          = {Collaboration through the exploitation of local
                   interactions in autonomous collective robotics: {T}he
                   stick pulling experiment.},
  Journal        = {Autonomous Robots, 11},
  year           = 2001
}

@Article{CFK97,
  Author         = {Cao, Y. and Fukunaga, A. and Kahng, A.},
  Title          = {Cooperative {M}obile {R}obotics: {A}ntecedents and
                   {D}irections},
  Journal        = {Autonomous Robots 4},
  year           = 1997
}

@InBook{JaMJM05,
  Author         = {{Jones and Maja J Mataric}},
  Editor         = {{Sam S. Ge} and {Frank L. Lewis}},
  Title          = {Autonomous {M}obile {R}obots: {S}ensing, {C}ontrol,
                   {D}ecision-{M}aking, and {A}pplications},
  Chapter        = {Behavior-Based Coordination in Multi-Robot Systems},
  Publisher      = {Marcel Dekker, Inc},
  year           = 2005
}

@Book{May08,
  Author         = {Mayer, Gene},
  Title          = {Immunology - {C}hapter {O}ne: {I}nnate (non-specific)
                   {I}mmunity {M}icrobiology and {I}mmunology {O}n-{L}ine
                   {T}extbook},
  Publisher      = {USC School of Medicine},
  month          = {6 } # aug,
  year           = 2008
}

@Article{RLKR99,
  Author         = {S. H. Russ, A. Lambert, R. King},
  Title          = {An {A}rtificial {I}mmune {S}ystem {M}odel for {T}ask
                   {A}llocation},
  Journal        = {Submitted to IPPS/SPDP
                   http://citeseer.ist.psu.edu/115327.html},
  year           = 1999
}

@Article{SOQX04,
  Author         = {{S. Olariu1} and {Q. Xu} and {A. Y. Zomaya}},
  Title          = {An {E}nergy-{E}fficient {S}elf-{O}rganization
                   {P}rotocol for {W}ireless {S}ensor {N}etworks},
  Journal        = {Intelligent Sensors, Sensor Networks and Information
                   Processing Conference},
  year           = 2004
}

@Article{Rey87,
  Author         = {Reynolds, C.},
  Title          = {Flocks, {H}erds, and {S}chools: {A} {D}istributed
                   {B}ehavior {M}odel.},
  Journal        = {Computer Graphics 21},
  year           = 1987
}

@Article{HYKL06,
  Author         = {{Henry Y. K. Lau} and {Vicky W. K. Wong}},
  Title          = {An {I}mmunity {B}ased {D}istributed
                   {M}ultiagent-{C}ontrol {F}ramework},
  Journal        = {Systems, Man and Cybernetics, Part A, IEEE
                   Transactions on},
  month          = jan,
  year           = 2006
}

@InProceedings{KAK01,
  Author         = {{K. A. Kahng}},
  Title          = {Design {T}echnology {P}roductivity in the {DSM} {E}ra.},
  BookTitle      = {A{SP}-{DAC}},
  year           = 2001
}

@Article{Ost00,
  Author         = {Ostrom, Elinor},
  Title          = {Reformulating the {C}ommons},
  Journal        = {Swiss Political Science Review, Volume 6, Number 1},
  year           = 2000
}

@Article{JQJG08b,
  Author         = {{J. Quiza} and {J. Gonz\'alez} and {G. Hern\'andez}},
  Title          = {Estudio de {F}abricantes y {F}amilias de
                   {M}icrocontroladores y {M}icroprocesadores {A}plicados
                   a {S}istemas de {C}ontrol e {I}nstrumentaci\'on},
  Journal        = {I Congreso Internacional de Gesti\'on Tecnol\'ogica e
                   Innovaci\'on},
  year           = 2008
}

@Book{entry-0,
  Author         = {{J. Holland}},
  Title          = {Adaptation in {N}atural and {A}rtificial {S}ystems},
  Publisher      = {MIT Press, Cambridge, MA},
  journal        = {MIT Press},
  year           = 1992
}

@InBook{DJR95,
  Author         = {Donald, B. and Jennings, J. and Rus, D.},
  Editor         = {Goldberg, K. and Halperin, D. and Latombe, J.-C. and
                   Wilson, R.},
  Title          = {International {W}orkshop on the {A}lgorithmic
                   {F}oundations of {R}obotics},
  Chapter        = {Information Invariants for Distributed Manipulation},
  year           = 1995
}

@Article{KLRR99,
  Author         = {{R. L. King; A. B. Lambert; S. H. Russ; and D. S.
                   Reese}},
  Title          = {The {B}iological {B}asis of the {I}mmune {S}ystem as a
                   {M}odel for {I}ntelligent {A}gents},
  Journal        = {IPDPS 1999 Workshop},
  year           = 1999
}

@Article{TI96,
  Author         = {{Texas Instruments}},
  Title          = {I{EEE} {S}td 1149.1 ({JTAG}) {T}estability},
  Journal        = {1997 Semiconductor Group},
  year           = 1996
}

@InProceedings{GTDR+02,
  Author         = {{G. Tempesti} and {D. Roggen} and {E. Sanchez} and {Y.
                   Thoma} and {R. Canham} and {A. Tyrrell} and {J.-M.
                   Moreno.}},
  Title          = {A {POE}tic {A}rchitecture for {B}io-{I}nspired
                   {S}ystems},
  Editor         = {{R.K. Standish} and {M.A. Bedau} and {H.A. Abbass}},
  Publisher      = {MIT Press, Cambridge, Massachusetts},
  journal        = {8th Int. Conf. of Artificial Life VIII,},
  year           = 2002
}

@MastersThesis{NR11,
  Author         = {{N. Rosas}},
  Title          = {Dise\~no e {I}mplementaci\'on de un {S}istema
                   {E}mbebido para la {A}dquisici\'on y {T}ransmisi\'on de
                   {S}e\~nales {B}iom\'edicas a {T}rav\'es de la {R}ed
                   {C}elular},
  year           = 2011
}

@Book{VSPB+00,
  Author         = {{V. Subrahmanian} and {P. Bonatti} and {J. Dix} and
                   {et al}},
  Title          = {Heterogeneous {A}gent {S}ystems},
  Publisher      = {MIT Press},
  year           = 2000
}

@Article{LGM+01,
  Author         = {Lerman, K. and Galstyan, A. and Martinoli, A. and
                   Ijspeert, A.},
  Title          = {A {M}acroscopic {A}nalytical {M}odel of
                   {C}ollaboration in {D}istributed {R}obotic {S}ystems.},
  Journal        = {Artificial Life 7},
  year           = 2001
}

@Article{RMRT03,
  Author         = {{R. Menezes} and {R. Tolksdorf}},
  Title          = {A {N}ew {A}pproach to {S}calable {L}inda-systems
                   {B}ased on {S}warms},
  Journal        = {ACM SAC},
  year           = 2003
}

@Article{EBMD99,
  Author         = {{E. Bonabeau} and {M. Dorigo} and {G. Theraulaz}},
  Title          = {Swarm {I}ntelligence},
  Journal        = {Oxford University Press},
  year           = 1999
}

@InBook{ME02,
  Author         = {Martinoli, A. and Easton, K.},
  Editor         = {Siciliano, B. Dario, P.},
  Title          = {Experimental {R}obotics {VIII}},
  Chapter        = {Modeling Swarm Robotic Systems},
  Publisher      = {Springer-Verlag},
  year           = 2002
}

@Article{CC11,
  Author         = {{C. Camargo}},
  Title          = {Hardware copyleft como {H}erramienta para la
                   {E}nse\~nanza de {S}istemas {E}mbebidos},
  Journal        = {Simposio Argentino de Sistemas Embebidos},
  year           = 2011
}

@Article{Par98b,
  Author         = {Parker, L.},
  Title          = {A{LLIANCE}: {A}n {A}rchitecture for {F}ault-tolerant
                   {M}ulti-robot {C}ooperation. |},
  Journal        = {Transactions on Robotics and Automation 14(2)},
  year           = 1998
}

@Book{DACK09,
  Author         = {{D. Alimisis} and {C. Kynigos}},
  Title          = {Teacher {E}ducation on {R}obotics-{E}nhanced
                   {C}onstructivist {P}edagogical {M}ethod},
  Publisher      = {School of Pedagogical and Technological Education
                   (ASPETE)},
  year           = 2009
}

@Book{JCAR05,
  Author         = {{J. Corbet} and {A. Rubini} and {G. Kroah-Hartman}},
  Title          = {Linux {D}evice {D}rivers, {T}hird {E}dition},
  Publisher      = {O'Reilly},
  year           = 2005
}

@Article{JF,
  Author         = {{J Feldman}},
  Title          = {The {L}inux startup process},
  Journal        = {The Linux Expertise Center, Hewlett-Packard Company}
}

@Article{Mar04,
  Author         = {Mart\'{\i}nez, H\'ector},
  Title          = {Apropiaci\'on de conocimiento en {C}olombia. {E}l caso
                   de los contratos de importaci\'on de tecnolog\'{\i}a},
  Journal        = {Revista Cuadernos de Econom\'{\i}a},
  year           = 2004
}

@Article{Par98,
  Author         = {Parker, L.},
  Title          = {Toward the {A}utomated {S}ynthesis of {C}ooperative
                   {M}obile {R}obot {T}eams},
  Journal        = {Proceedings of SPIE Mobile Robots XIII volume 3525.
                   Boston, MA},
  year           = 1998
}

@Misc{XZ01,
  Author         = {{X. Zhang}},
  Title          = {Bio-{I}nspired {F}ault-{T}olerant {H}ardware {S}ystem},
  HowPublished   = {http://www.cems.uwe.ac.uk/~xzhang/},
  month          = dec,
  year           = 2001
}

@Misc{QH,
  Author         = {{Qi Hardware}},
  Title          = {Qi {H}ardware {C}opyleft {H}ardware {P}roject},
  HowPublished   = {URL: http://en.qi-hardware.com/}
}

@InBook{AMAJI99,
  Author         = {{A. Martinoli} and {A. J. Ijspeert} and {L. M.
                   Gambardella}},
  Editor         = {{Dario Floreano} and {Jean-Daniel Nicoud} and
                   {Francesco Mondada}},
  Title          = {Proceedings of the 5th {E}uropean {C}onference on
                   {A}dvances in {A}rtificial {L}ife},
  Chapter        = {A probabilistic model for understanding and comparing
                   collective aggregation mechanisms.},
  Publisher      = {Springer},
  year           = 1999
}

@InBook{PMPN+66,
  Author         = {{P. Marchal} and {P. Naussbaum} and {C. Piguet} and
                   {S. Durand} and D, Mange and {E. Sanchez} and {A.
                   Stauffer} and {G. Tempesti}},
  Editor         = {{E. Sanchez} and {M. Tomassini}},
  Title          = {Embryonics: {T}he {B}irth of {S}ynthetic {L}ife},
  Pages          = {166-197},
  Publisher      = {Lecture notes in Computer Science, Springer, Berlin},
  year           = 1966
}

@Book{Web04,
  Author         = {Weber, S.},
  Title          = {The {S}uccess of {O}pen {S}ource},
  Publisher      = {Harvard University Press},
  year           = 2004
}

@InBook{TB99,
  Author         = {{Tucker Balch.}},
  Editor         = {{Oren Etzioni} and {Jorg P. Muller} and {Jeffrey M.
                   Bradshaw}},
  Title          = {Proceedings of the {T}hird {I}nternational
                   {C}onference on {A}utonomous {A}gents},
  Chapter        = {The impact of diversity on performance in multi-robot
                   foraging.},
  Publisher      = {ACM Press},
  year           = 1999
}

@Misc{IBSS98,
  Author         = {{I. Bowman} and {S. Siddiqi} and {M. Tanuan}},
  Title          = {Concrete {A}rchitecture of the {L}inux {K}ernel},
  HowPublished   = {http://docs.huihoo.com/linux/kernel/a2/index.html},
  month          = {12 } # feb,
  year           = 1998
}

@InProceedings{DS02,
  Author         = {{D. Servant}},
  Title          = {Combining amorphous computing and reactive agent-based
                   systems: a paradigm for pervasive intelligence?},
  BookTitle      = {First international joint conference on {A}utonomous
                   agents and muktiagent systems: part 1},
  year           = 2002
}

@InBook{CMS06,
  Author         = {{Charles M. Schweik}},
  Editor         = {{Charlotte Hess} and {Elinor Ostrom}},
  Title          = {Understanding {K}nowledge as a {C}ommons: {F}rom
                   {T}heory to {P}ractice},
  Chapter        = {Free/Open-Source Software as a Framework for
                   Establishing Commons in Science},
  Publisher      = {The MIT Press},
  year           = 2006
}

@Article{ST01,
  Author         = {S. Singh, S. Thayer},
  Title          = {Immunology {D}irected {M}ethods for {D}istributed
                   {R}obotics: {A} {N}ovel, {I}mmunity-{B}ased
                   {A}rchitecture for {R}obust {C}ontrol \& {C}oordination},
  Journal        = {Proceedings of SPIE: Mobile Robots XVI},
  month          = nov,
  year           = 2001
}

@Article{BGRTV03,
  Author         = {{B.P. Gerkey} and {R. T. Vaughan} and {A. Howard}},
  Title          = {The {P}layer/{S}tage project: {T}ools for
                   {M}ulti-robot and {D}istributed {S}ensor {S}ystems,},
  Journal        = {Proceedings of the International Conference on
                   Advanced Robotics (ICAR)},
  Pages          = {317-323},
  year           = 2003
}

@Article{FW00,
  Author         = {Forbes, Naushad and Wield, David},
  Title          = {Managing {R}\&{D} in technology-followers},
  Journal        = {Research Policy},
  month          = sep,
  year           = 2000
}

@Article{IAI,
  Author         = {{Innovation Associates Inc.}},
  Title          = {Technology {T}ransfer and {C}ommercialization
                   {P}artnerships {E}xecutive {S}ummary}
}

@PhdThesis{DR05,
  Author         = {{Dominic Rath}},
  Title          = {Open {O}n-{C}hip {D}ebugger},
  School         = {University of Applied Sciences Augsburg},
  year           = 2005
}

@Article{CC,
  Author         = {{C. Camargo}},
  Title          = {E{CB}\_{A}{T}91 y {ECBOT} {P}lataformas {A}biertas
                   para el desarrollo de {S}istemas {E}mbebidos},
  Journal        = {URL: http://wiki.emqbit.com/free-ecb-at91}
}

@Article{GT95,
  Author         = {{G. Tempesti}},
  Title          = {A new {S}elf-reproducing {C}ellular {A}utomation
                   {C}apable of {C}onctruction and {C}omputation.},
  Journal        = {Lecture Notes in Artificial Intelligence, Springer
                   Verlag 3rd European Conference on Artificial Life},
  year           = 1995
}

@Book{LWS92,
  Author         = {{Lydia Woods Schindler}},
  Title          = {Understanding the {I}mmune {S}ystem {H}ow {I}t {W}orks},
  Publisher      = {US Department of health and human services.},
  year           = 1992
}

@Misc{And,
  Author         = {Google},
  Title          = {Android {P}roject},
  HowPublished   = {URL: http://www.android.com/}
}

@Article{CC08c,
  Author         = {{C. Camargo}},
  Title          = {E{CBOT} y {ECB}\_{A}{T}91 {P}lataformas {A}biertas
                   para el {D}ise\~no de {S}istemas {E}mbebidos y
                   {C}o-dise\~no {HW}-{SW}},
  Journal        = {VIII Jornadas de Computaci\'on Reconfigurable y
                   Aplicaciones},
  year           = 2008
}

@Misc{Oxygen,
  Author         = {MIT},
  Title          = {Proyecto {O}x\'{\i}geno},
  HowPublished   = {http://oxygen.lcs.mit.edu/}
}

@InProceedings{YTDR+04,
  Author         = {{Y. Thoma} and {D. Roggen} and {E. Sanchez} and
                   J.Moreno},
  Title          = {Prototyping with a bio-inspired reconfigurable chip},
  BookTitle      = {15th {IEEE} {I}nternational {W}orkshop on {R}apid
                   {S}ystem {P}rototyping ({RSP} 2004)},
  Organization   = {IEEE Computer Society, Los Alamitos, California, 2004},
  year           = 2004
}

@Misc{Wik,
  Author         = {Wikipedia},
  Title          = {Wikipedia, the free encyclopedia},
  HowPublished   = {http://en.wikipedia.org/}
}

@Book{NRC01,
  Author         = {{National Research Council}},
  Title          = {Embedded {E}verywhere},
  Publisher      = {National Academic Press},
  year           = 2001
}

@Article{GTDM97,
  Author         = {{G. Tempesti} and {D. Mange} and {A. Stauffer}},
  Title          = {A {R}obust {M}uliplexer-based {FPGA} {I}nspired by
                   {B}iological {S}ystems},
  Journal        = {Speciall Issue of Journal of Systems Architecture on
                   Dep endable Parralled Computer System},
  year           = 1997
}

@Article{AC09,
  Author         = {{A. Cortesi}},
  Title          = {Elinor {O}strom, the commons problem and {O}pen
                   {S}ource},
  Journal        = {URL:
                   http://corte.si/posts/opensource/ostrom/index.html},
  year           = 2009
}

@Article{WSCC,
  Author         = {{C. Camargo}},
  Title          = {Proyecto {SAKC}},
  Journal        = {URL:http://en.qi-hardware.com/wiki/SAKC}
}

@Book{CJ97,
  Author         = {{C. Jacob}},
  Title          = {Ilustrating {E}volutionary {C}omputation with
                   {M}athematica},
  Publisher      = {Morgan Kaufmann},
  year           = 1997
}

@Article{Mo94,
  Author         = {{M. odedra-straub}},
  Title          = {The {M}yths and {I}llusions of {T}echnology {T}ransfer},
  Journal        = {IFIP World Congress Proceedings},
  month          = aug,
  year           = 1994
}

@Article{SS06,
  Author         = {{S. Shah}},
  Title          = {Motivation, {G}overnance, and the {V}iality of
                   {H}ybrid {F}orms in {O}pen {S}ource {S}oftware
                   {D}evelopment},
  Journal        = {Management Science},
  month          = jul,
  year           = 2006
}

@Article{HMHK09,
  Author         = {{H. Mitsui} and {H. Kambe} and {H. Koizumi}},
  Title          = {Use of {S}tudent {E}xperiments for {T}eaching
                   {E}mbedded {S}oftware {D}evelopment {I}ncluding
                   {HW}/{SW} {C}o-{D}esign},
  Journal        = {IEEE TRANSACTIONS ON EDUCATION,},
  Volume         = {52},
  Number         = {3},
  month          = aug,
  year           = 2009
}

@Article{BETG+97,
  Author         = {{Bonabeau E.} and {Theraulaz G.} and {Deneubourg
                   J.-L.} and {Aron S.} and {Camazine S.}},
  Title          = {Self-{O}rganisation in {S}ocial {I}nsects},
  Journal        = {TREE},
  Volume         = {12},
  Number         = {5},
  Pages          = {188-193.},
  year           = 1997
}

@Article{AARA01,
  Author         = {{A. Avizienis} and {R. Avizienis}},
  Title          = {An {I}mmune system paradigm for the design of fault
                   tolerance systems},
  Journal        = {Workshop 3: Evaluating and Architecting Systems for
                   Dependability (EASY)},
  year           = 2001
}

@TechReport{Vc08,
  Author         = {{VDC corp.}},
  Title          = {Embedded {S}oftware 2008 {M}arket {I}ntelligence
                   {S}ystem},
  Institution    = {VDC Research Group},
  year           = 2008
}

@Unpublished{WCI,
  Author         = {{Worldwide CDIO Initiative}},
  Title          = {"{B}enefits of {CDIO}"
                   {URL}:http://www.cdio.org/benefits-cdio on {N}ovember,
                   2009}
}

@Article{HA99,
  Author         = {H. Abelson, D. Allen, D. Coore},
  Title          = {Amorphous {C}omputing},
  Journal        = {http://www.ai.mit.edu/publications/pubsDB/pubs.html},
  month          = {29 } # aug,
  year           = 1999
}

@Article{LD06,
  Author         = {{Linux Devices}},
  Title          = {First {C}olombian {L}inux {SBC} runs {D}ebian},
  Journal        = {http://www.linuxfordevices.com/c/a/News/First-Colombian-Linux-SBC-runs-Debian/},
  month          = {24 } # apr,
  year           = 2006
}

@Article{AGH+00,
  Author         = {Alur, R. and Grosu, R. and Hur, Y. and Kumar, V. and
                   Lee, I.},
  Title          = {Modular {S}pecification of {H}ybrid {S}ystems in
                   {CHARON}},
  Journal        = {Proceedings of the 3rd International Workshop on
                   Hybrid Systems: Computation and Control. Pittsburgh, PA},
  year           = 2000
}

@MastersThesis{AW04,
  Author         = {{A. Warner}},
  Title          = {A {S}elf {T}riggered {R}eadout for a {T}ime
                   {P}rojection {C}hamber},
  School         = {MIT Physics Department},
  year           = 2004
}

@Article{FGJT00,
  Author         = {{F. Gruau} and {J. Tromp}},
  Title          = {Cellular {G}ravity},
  Journal        = {Parallel Processing Letters},
  month          = dec,
  year           = 2000
}

@Book{GC04,
  Author         = {{Goel Cohen}},
  Title          = {Technology transfer: strategic management in
                   developing countries},
  Publisher      = {Sage Publications inc},
  year           = 2004
}

@Book{RL07,
  Author         = {{R Love}},
  Title          = {Linux {S}ystem {P}rogramming},
  Publisher      = {O'Reilly Media, Inc.},
  year           = 2007
}

@Article{AD,
  Author         = {{Ancona D.}},
  Title          = {Leadership in the {A}ge of {U}ncertainty},
  Journal        = {http://mitleadership.mit.edu/pdf/LeaderShipinanAgeofUncertainty-researchbrief.pdf}
}

@Article{htt,
  Author         = {http://www.poetictissue.org},
  Title          = {Proyecto {POE}tic {T}issue}
}

@Misc{FSF,
  Author         = {{Free Software Foundation}},
  Title          = {G{NU} {G}eneral {P}ublic {L}icense},
  HowPublished   = {URL: http://www.gnu.org/copyleft/gpl.html}
}

@Article{SKKT04,
  Author         = {{Sugawara K} and {Kazama T} and {Watanabe T}},
  Title          = {Foraging behavior of interacting robots with virtual
                   pheromone},
  Journal        = {Proceedings of the IEEE/RSJ International Conference
                   on Intelligent Robots and Systems},
  year           = 2004
}

@Article{KSMS97,
  Author         = {{Ken Sugawara} and {Masaki Sano}},
  Title          = {Cooperative acceleration of task performance:
                   {F}oraging behavior of interacting multi-robots system.},
  Journal        = {Physica, D100:343-354},
  year           = 1997
}

@Article{KAJS08,
  Author         = {{K. Al-Mabrouk} and {J. Soar}},
  Title          = {Building a {F}ramework for {U}nderstanding and
                   {I}mproving {I}nformation {T}echnology {T}ransfer
                   {P}rocess in the {A}rab {C}ountries},
  Journal        = {9th IBIMA Conference: Information Management in Modern
                   Organisations - Trends \& Challenges},
  year           = 2008
}

@Book{Arr62,
  Author         = {Arrow, Kenneth},
  Title          = {Economic {W}elfare and the {A}llocation of {R}esources
                   for {I}nvention},
  Publisher      = {Princeton University Press},
  year           = 1962
}

@Article{DBCO00,
  Author         = {{D. Bradley} and {C. Ortega-Sanchez} and {A. Tyrrell}},
  Title          = {Embryonic +{I}mmunotronics: abio-{I}nspired {A}pproach
                   to {F}ault {T}olerance},
  Journal        = {The Second NASA/DoD Workshop on Evolvable Hardware},
  year           = 2000
}

@InBook{Par97,
  Author         = {Parker, L.},
  Editor         = {Bolles, R., Bunke},
  Title          = {Intelligent robots: {S}ensing, modeling, and planning},
  Chapter        = {Behavior-Based Cooperative Robotics Applied to
                   Multi-Target Observation},
  Publisher      = {R. Bolles, H. Bunke, and H. Noltemeier. World
                   Scientific},
  year           = 1997
}

@Misc{RN99,
  Author         = {{R. Nagpal}},
  Title          = {Organizing a {G}lobal {C}oordinate {S}ystem from
                   {L}ocal {I}nformation on an {A}morphous {C}omputer},
  HowPublished   = {AI Memo No 1666 MIT},
  year           = 1999
}

@Article{MDAG99,
  Author         = {{M. Duque} and {A. Gauthier}},
  Title          = {Formaci\'on de {I}ngenieros para la {I}nnovaci\'on y
                   el {D}esarrollo {T}ecnol\'ogico en {C}olombia},
  Journal        = {Revista de la Facultad de Minas - Universidad Nacional
                   de Colombia},
  month          = dec,
  year           = 1999
}

@Book{EC68,
  Author         = {{E. Codd}},
  Title          = {Celullar {A}utomata},
  Publisher      = {Academic Press},
  year           = 1968
}

@Article{JQJG08,
  Author         = {{J. Quiza} and {J. Gonz\'alez} and {G. Hernandez}},
  Title          = {Estudio de {F}abricantes y {F}amilias de
                   {M}icrocontroladores y {M}icorprocesadores
                   {A}plicacados a {S}istemas de {C}ontrol e
                   {I}nstrumentaci\'on},
  Journal        = {I Congreso Internacional de Gesti\'on Tecnol\'ogica e
                   Innovaci\'on.},
  year           = 2008
}

